<?xml version="1.0" ?><OAI-PMH xmlns="http://www.openarchives.org/OAI/2.0/" xmlns:xsi="http://www.w3.org/2001/XMLSchema-instance" xsi:schemaLocation="http://www.openarchives.org/OAI/2.0/ http://www.openarchives.org/OAI/2.0/OAI-PMH.xsd">
  <responseDate>2024-11-20T18:25:28Z</responseDate>
  <request resumptionToken="1900-01-01@all@UNIGE_ALL@marc21@5986512660005502" verb="ListRecords">https://slsp-unige.alma.exlibrisgroup.com/view/oai/41SLSP_UGE/request</request>
<ListRecords><record><header><identifier>oai:alma.41SLSP_UGE:991000018139705502</identifier><datestamp>2023-11-25T01:47:50Z</datestamp><setSpec>uge_bcen_RapidILL_BOOK</setSpec><setSpec>uge_aaca_RapidILL_BOOK</setSpec><setSpec>uge_abels_RapidILL_BOOK</setSpec><setSpec>uge_dbu_RapidILL_BOOK</setSpec><setSpec>uge_cmu_RapidILL_BOOK</setSpec><setSpec>uge_mail_RapidILL_BOOK</setSpec><setSpec>uge_abbat_RapidILL_BOOK</setSpec><setSpec>UNIGE_ALL</setSpec><setSpec>uge_aobs_RapidILL_BOOK</setSpec><setSpec>uge_acar_RapidILL_BOOK</setSpec></header><metadata>
<record xmlns="http://www.loc.gov/MARC21/slim" xmlns:xsi="http://www.w3.org/2001/XMLSchema-instance" xsi:schemaLocation="http://www.loc.gov/MARC21/slim http://www.loc.gov/standards/marcxml/schema/MARC21slim.xsd"><leader>02472naa a2200493 c 4500</leader><controlfield tag="001">991000018139705502</controlfield><controlfield tag="005">20230629192106.0</controlfield><controlfield tag="008">080220s2008    sz ||||| |||| 10| ||ger d</controlfield><datafield ind1=" " ind2=" " tag="035"><subfield code="a">(swissbib)106430742-41slsp_network</subfield></datafield><datafield ind1=" " ind2=" " tag="035"><subfield code="a">106430742</subfield><subfield code="9">ExL</subfield></datafield><datafield ind1=" " ind2=" " tag="035"><subfield code="a">(RERO)R004649376-41slsp</subfield></datafield><datafield ind1=" " ind2=" " tag="035"><subfield code="a">(ALEX)bv001369437</subfield></datafield><datafield ind1=" " ind2=" " tag="035"><subfield code="a">(EXLNZ-41SLSP_NETWORK)991015145509705501</subfield></datafield><datafield ind1=" " ind2=" " tag="040"><subfield code="a">RERO geubfd</subfield><subfield code="d">CH-ZuSLS</subfield></datafield><datafield ind1=" " ind2=" " tag="044"><subfield code="a">sz</subfield><subfield code="c">ch-zh</subfield></datafield><datafield ind1=" " ind2="7" tag="072"><subfield code="a">dr</subfield><subfield code="2">rero</subfield></datafield><datafield ind1=" " ind2=" " tag="084"><subfield code="a">CA/CH 57.1 i</subfield><subfield code="2">cjurrom</subfield></datafield><datafield ind1="1" ind2=" " tag="100"><subfield code="a">Hürzeler, Marc</subfield><subfield code="d">1978-....</subfield><subfield code="0">(IDREF)165692103</subfield><subfield code="4">cre</subfield></datafield><datafield ind1="1" ind2="0" tag="245"><subfield code="a">&lt;&lt;Die&gt;&gt; Invaliditätsbemessung in der Invalidenversicherung und der beruflichen Vorsorge</subfield><subfield code="c">Marc Hürzeler</subfield></datafield><datafield ind1=" " ind2=" " tag="336"><subfield code="b">txt</subfield><subfield code="2">rdacontent</subfield></datafield><datafield ind1=" " ind2=" " tag="337"><subfield code="b">n</subfield><subfield code="2">rdamedia</subfield></datafield><datafield ind1=" " ind2=" " tag="338"><subfield code="b">nc</subfield><subfield code="2">rdacarrier</subfield></datafield><datafield ind1=" " ind2=" " tag="580"><subfield code="a">In: Personen-Schaden-Forum 2008. - Zürich : Schulthess, 2008. - P. 167-222</subfield></datafield><datafield ind1=" " ind2="7" tag="650"><subfield code="a">Invalidität</subfield><subfield code="9">ger</subfield><subfield code="0">(RERO)jurivoc000012048ger</subfield><subfield code="2">jurivoc</subfield></datafield><datafield ind1=" " ind2="7" tag="650"><subfield code="a">Begriff</subfield><subfield code="9">ger</subfield><subfield code="0">(RERO)jurivoc000003002ger</subfield><subfield code="2">jurivoc</subfield></datafield><datafield ind1=" " ind2="7" tag="650"><subfield code="a">Invaliditätsbemessung</subfield><subfield code="9">ger</subfield><subfield code="0">(RERO)jurivoc000012052ger</subfield><subfield code="2">jurivoc</subfield></datafield><datafield ind1=" " ind2="7" tag="650"><subfield code="a">IV</subfield><subfield code="9">ger</subfield><subfield code="0">(RERO)jurivoc000012152ger</subfield><subfield code="2">jurivoc</subfield></datafield><datafield ind1=" " ind2="7" tag="650"><subfield code="a">UV</subfield><subfield code="9">ger</subfield><subfield code="0">(RERO)jurivoc000024085ger</subfield><subfield code="2">jurivoc</subfield></datafield><datafield ind1=" " ind2="7" tag="650"><subfield code="a">berufliche Vorsorge</subfield><subfield code="9">ger</subfield><subfield code="0">(RERO)jurivoc000003305ger</subfield><subfield code="2">jurivoc</subfield></datafield><datafield ind1=" " ind2="7" tag="650"><subfield code="a">Koordination(Versicherung)</subfield><subfield code="9">ger</subfield><subfield code="0">(RERO)jurivoc000013406ger</subfield><subfield code="2">jurivoc</subfield></datafield><datafield ind1=" " ind2="7" tag="650"><subfield code="a">Invaliditätsgrad</subfield><subfield code="9">ger</subfield><subfield code="0">(RERO)jurivoc000012055ger</subfield><subfield code="2">jurivoc</subfield></datafield><datafield ind1=" " ind2="7" tag="650"><subfield code="a">Änderung(allgemein)</subfield><subfield code="9">ger</subfield><subfield code="0">(RERO)jurivoc000001084ger</subfield><subfield code="2">jurivoc</subfield></datafield><datafield ind1=" " ind2="7" tag="650"><subfield code="a">Revision(Versicherungsleistung)</subfield><subfield code="9">ger</subfield><subfield code="0">(RERO)jurivoc000018896ger</subfield><subfield code="2">jurivoc</subfield></datafield><datafield ind1=" " ind2="7" tag="650"><subfield code="a">Invalidenrente</subfield><subfield code="9">ger</subfield><subfield code="0">(RERO)jurivoc000012040ger</subfield><subfield code="2">jurivoc</subfield></datafield><datafield ind1=" " ind2="7" tag="650"><subfield code="a">Verbindlichkeit(allgemein)</subfield><subfield code="9">ger</subfield><subfield code="0">(RERO)jurivoc000024205ger</subfield><subfield code="2">jurivoc</subfield></datafield><datafield ind1=" " ind2="7" tag="650"><subfield code="a">weitergehende Vorsorge</subfield><subfield code="9">ger</subfield><subfield code="0">(RERO)jurivoc000026312ger</subfield><subfield code="2">jurivoc</subfield></datafield><datafield ind1=" " ind2="7" tag="650"><subfield code="a">Einkommensvergleich</subfield><subfield code="9">ger</subfield><subfield code="0">(RERO)jurivoc000006500ger</subfield><subfield code="2">jurivoc</subfield></datafield><datafield ind1=" " ind2="7" tag="650"><subfield code="a">Betätigungsvergleich</subfield><subfield code="9">ger</subfield><subfield code="0">(RERO)jurivoc000003681ger</subfield><subfield code="2">jurivoc</subfield></datafield><datafield ind1=" " ind2="7" tag="650"><subfield code="a">ausserordentliche Bemessungsmethode</subfield><subfield code="9">ger</subfield><subfield code="0">(RERO)jurivoc000002425ger</subfield><subfield code="2">jurivoc</subfield></datafield><datafield ind1=" " ind2="7" tag="650"><subfield code="a">Gemischte Bemessungsmethode</subfield><subfield code="9">ger</subfield><subfield code="0">(RERO)jurivoc000009475ger</subfield><subfield code="2">jurivoc</subfield></datafield><datafield ind1=" " ind2="7" tag="650"><subfield code="a">Assurance invalidité</subfield><subfield code="0">(IDREF)028638328</subfield><subfield code="2">idref</subfield></datafield><datafield ind1=" " ind2="7" tag="650"><subfield code="a">invalidité - évaluation</subfield><subfield code="0">(RERO)A010099364</subfield><subfield code="2">rerovoc</subfield></datafield><datafield ind1=" " ind2="7" tag="650"><subfield code="a">Droit</subfield><subfield code="0">(IDREF)027466868</subfield><subfield code="2">idref</subfield></datafield><datafield ind1=" " ind2="7" tag="651"><subfield code="a">Schweiz</subfield><subfield code="9">ger</subfield><subfield code="0">(RERO)jurivoc000019912ger</subfield><subfield code="2">jurivoc</subfield></datafield><datafield ind1=" " ind2="7" tag="651"><subfield code="a">Suisse</subfield><subfield code="0">(IDREF)027249654</subfield><subfield code="2">idref</subfield></datafield><datafield ind1="0" ind2=" " tag="773"><subfield code="t">Personen-Schaden-Forum 2008 : [Tagungsbeiträge]</subfield><subfield code="g">167</subfield><subfield code="w">(RERO)R004642739-41slsp</subfield></datafield></record>
</metadata></record><record><header status="deleted"><identifier>oai:alma.41SLSP_UGE:991000018029705502</identifier><datestamp>2023-12-13T01:19:51Z</datestamp><setSpec>uge_bcen_RapidILL_BOOK</setSpec><setSpec>uge_aaca_RapidILL_BOOK</setSpec><setSpec>uge_abels_RapidILL_BOOK</setSpec><setSpec>uge_dbu_RapidILL_BOOK</setSpec><setSpec>uge_cmu_RapidILL_BOOK</setSpec><setSpec>uge_mail_RapidILL_BOOK</setSpec><setSpec>uge_abbat_RapidILL_BOOK</setSpec><setSpec>UNIGE_ALL</setSpec><setSpec>uge_acar_RapidILL_BOOK</setSpec><setSpec>uge_aobs_RapidILL_BOOK</setSpec></header></record>