<record><header><identifier>oai:alma.41SLSP_UGE:991000017919705502</identifier><datestamp>2024-08-28T00:06:43Z</datestamp><setSpec>uge_bcen_RapidILL_BOOK</setSpec><setSpec>uge_aaca_RapidILL_BOOK</setSpec><setSpec>uge_abels_RapidILL_BOOK</setSpec><setSpec>uge_dbu_RapidILL_BOOK</setSpec><setSpec>uge_cmu_RapidILL_BOOK</setSpec><setSpec>uge_mail_RapidILL_BOOK</setSpec><setSpec>uge_abbat_RapidILL_BOOK</setSpec><setSpec>UNIGE_ALL</setSpec><setSpec>uge_acar_RapidILL_BOOK</setSpec><setSpec>uge_aobs_RapidILL_BOOK</setSpec></header><metadata>
<record xmlns="http://www.loc.gov/MARC21/slim" xmlns:xsi="http://www.w3.org/2001/XMLSchema-instance" xsi:schemaLocation="http://www.loc.gov/MARC21/slim http://www.loc.gov/standards/marcxml/schema/MARC21slim.xsd"><leader>01473naa a2200313 c 4500</leader><controlfield tag="001">991000017919705502</controlfield><controlfield tag="005">20240827113701.0</controlfield><controlfield tag="008">200918s2020    sz            01| | fre d</controlfield><datafield ind1=" " ind2=" " tag="035"><subfield code="a">(swissbib)126739757-41slsp_network</subfield></datafield><datafield ind1=" " ind2=" " tag="035"><subfield code="a">126739757</subfield><subfield code="9">ExL</subfield></datafield><datafield ind1=" " ind2=" " tag="035"><subfield code="a">(RERO)R009080818-41slsp</subfield></datafield><datafield ind1=" " ind2=" " tag="035"><subfield code="a">(EXLNZ-41SLSP_NETWORK)991084813579705501</subfield></datafield><datafield ind1=" " ind2=" " tag="040"><subfield code="a">RERO geubfd</subfield><subfield code="d">CH-ZuSLS</subfield></datafield><datafield ind1=" " ind2=" " tag="044"><subfield code="a">sz</subfield><subfield code="c">ch-be</subfield></datafield><datafield ind1=" " ind2="7" tag="072"><subfield code="a">dr</subfield><subfield code="2">rero</subfield></datafield><datafield ind1=" " ind2=" " tag="084"><subfield code="a">A 15.1 i</subfield><subfield code="2">cjurrom</subfield></datafield><datafield ind1=" " ind2=" " tag="084"><subfield code="a">CA/CH 54.5 i</subfield><subfield code="2">cjurrom</subfield></datafield><datafield ind1=" " ind2=" " tag="084"><subfield code="a">CA/CH 54 i</subfield><subfield code="2">cjurrom</subfield></datafield><datafield ind1=" " ind2=" " tag="084"><subfield code="a">CA/CH 93 i</subfield><subfield code="2">cjurrom</subfield></datafield><datafield ind1="1" ind2=" " tag="100"><subfield code="a">Paris, Valérie</subfield><subfield code="c">juriste</subfield><subfield code="0">(RERO)A024360767</subfield><subfield code="4">aut</subfield></datafield><datafield ind1="1" ind2="0" tag="245"><subfield code="a">&lt;&lt;L'&gt;&gt;assujettissement subséquent selon l'article 12 DPA est-il encore et toujours une arme efficace de l'arsenal de lutte contre les infractions en matière de TVA?</subfield><subfield code="c">Valérie Paris</subfield></datafield><datafield ind1=" " ind2=" " tag="336"><subfield code="b">txt</subfield><subfield code="2">rdacontent</subfield></datafield><datafield ind1=" " ind2=" " tag="337"><subfield code="b">n</subfield><subfield code="2">rdamedia</subfield></datafield><datafield ind1=" " ind2=" " tag="338"><subfield code="b">nc</subfield><subfield code="2">rdacarrier</subfield></datafield><datafield ind1=" " ind2=" " tag="580"><subfield code="a">In: Au carrefour des contributions : mélanges de droit fiscal en l'honneur de Monsieur le Juge Pascal Mollard. - Berne : Stämpfli, [2020]. - P. 171-196</subfield></datafield><datafield ind1=" " ind2="7" tag="650"><subfield code="a">Hinterziehung(Verwaltungsstrafrecht)</subfield><subfield code="9">ger</subfield><subfield code="0">(RERO)jurivoc000011215ger</subfield><subfield code="2">jurivoc</subfield></datafield><datafield ind1=" " ind2="7" tag="650"><subfield code="a">Mehrwertsteuer</subfield><subfield code="9">ger</subfield><subfield code="0">(RERO)jurivoc000014883ger</subfield><subfield code="2">jurivoc</subfield></datafield><datafield ind1=" " ind2="7" tag="650"><subfield code="a">Steuerpflicht</subfield><subfield code="9">ger</subfield><subfield code="0">(RERO)jurivoc000021437ger</subfield><subfield code="2">jurivoc</subfield></datafield><datafield ind1=" " ind2="7" tag="651"><subfield code="a">Schweiz</subfield><subfield code="9">ger</subfield><subfield code="0">(RERO)jurivoc000019912ger</subfield><subfield code="2">jurivoc</subfield></datafield><datafield ind1="0" ind2=" " tag="773"><subfield code="t">Au carrefour des contributions : mélanges de droit fiscal en l'honneur de Monsieur le Juge Pascal Mollard</subfield><subfield code="g">171</subfield><subfield code="w">(RERO)R009058405-41slsp</subfield></datafield></record>
</metadata></record>