<record><header><identifier>oai:alma.41SLSP_UGE:991000018439705502</identifier><datestamp>2023-08-30T00:45:47Z</datestamp><setSpec>uge_bcen_RapidILL_BOOK</setSpec><setSpec>uge_aaca_RapidILL_BOOK</setSpec><setSpec>uge_abels_RapidILL_BOOK</setSpec><setSpec>uge_dbu_RapidILL_BOOK</setSpec><setSpec>uge_cmu_RapidILL_BOOK</setSpec><setSpec>uge_mail_RapidILL_BOOK</setSpec><setSpec>uge_abbat_RapidILL_BOOK</setSpec><setSpec>UNIGE_ALL</setSpec><setSpec>uge_acar_RapidILL_BOOK</setSpec><setSpec>uge_aobs_RapidILL_BOOK</setSpec></header><metadata>
<record xmlns="http://www.loc.gov/MARC21/slim" xmlns:xsi="http://www.w3.org/2001/XMLSchema-instance" xsi:schemaLocation="http://www.loc.gov/MARC21/slim http://www.loc.gov/standards/marcxml/schema/MARC21slim.xsd"><leader>01401nam a2200397 c 4500</leader><controlfield tag="001">991000018439705502</controlfield><controlfield tag="005">20230829155408.0</controlfield><controlfield tag="008">041119s1998    xxk||||| |||| 00| ||eng d</controlfield><datafield ind1=" " ind2=" " tag="020"><subfield code="a">0198299648</subfield><subfield code="q">pbk.</subfield></datafield><datafield ind1=" " ind2=" " tag="035"><subfield code="a">(swissbib)101268939-41slsp_network</subfield></datafield><datafield ind1=" " ind2=" " tag="035"><subfield code="a">101268939</subfield><subfield code="9">ExL</subfield></datafield><datafield ind1=" " ind2=" " tag="035"><subfield code="a">(RERO)R003742653-41slsp</subfield></datafield><datafield ind1=" " ind2=" " tag="035"><subfield code="a">(EXLNZ-41SLSP_NETWORK)991128814999705501</subfield></datafield><datafield ind1=" " ind2=" " tag="040"><subfield code="a">RERO geueti</subfield><subfield code="d">CH-ZuSLS</subfield><subfield code="b">ger</subfield><subfield code="e">rda</subfield></datafield><datafield ind1=" " ind2="7" tag="072"><subfield code="a">lg</subfield><subfield code="2">rero</subfield></datafield><datafield ind1="0" ind2=" " tag="082"><subfield code="a">415</subfield><subfield code="2">21</subfield></datafield><datafield ind1=" " ind2=" " tag="084"><subfield code="a">ET 850</subfield><subfield code="2">rvk</subfield></datafield><datafield ind1=" " ind2=" " tag="084"><subfield code="a">HF 332</subfield><subfield code="2">rvk</subfield></datafield><datafield ind1="0" ind2="0" tag="245"><subfield code="a">Phraseology</subfield><subfield code="b">theory, analysis, and applications</subfield><subfield code="c">edited by A. P. Cowie</subfield></datafield><datafield ind1=" " ind2="1" tag="264"><subfield code="a">Oxford</subfield><subfield code="b">Oxford University Press</subfield><subfield code="c">2005</subfield></datafield><datafield ind1=" " ind2=" " tag="300"><subfield code="a">XIII, 258 Seiten</subfield><subfield code="c">24 cm</subfield></datafield><datafield ind1=" " ind2=" " tag="336"><subfield code="b">txt</subfield><subfield code="2">rdacontent</subfield></datafield><datafield ind1=" " ind2=" " tag="337"><subfield code="b">n</subfield><subfield code="2">rdamedia</subfield></datafield><datafield ind1=" " ind2=" " tag="338"><subfield code="b">nc</subfield><subfield code="2">rdacarrier</subfield></datafield><datafield ind1="1" ind2=" " tag="490"><subfield code="a">[Oxford studies in lexicography and lexicology]</subfield></datafield><datafield ind1="0" ind2=" " tag="490"><subfield code="a">Oxford linguistics</subfield></datafield><datafield ind1=" " ind2=" " tag="500"><subfield code="a">Hier auch später erschienene, unveränderte Nachdrucke.</subfield></datafield><datafield ind1=" " ind2="0" tag="650"><subfield code="a">Phraseology</subfield></datafield><datafield ind1=" " ind2="7" tag="650"><subfield code="a">Phraseologie</subfield><subfield code="0">(DE-588)4076108-3</subfield><subfield code="2">gnd</subfield></datafield><datafield ind1=" " ind2="7" tag="650"><subfield code="a">Spracherwerb</subfield><subfield code="2">gnd</subfield><subfield code="0">(DE-588)4056458-7</subfield></datafield><datafield ind1=" " ind2="7" tag="650"><subfield code="a">Sprachgebrauch</subfield><subfield code="2">gnd</subfield><subfield code="0">(DE-588)4191506-9</subfield></datafield><datafield ind1=" " ind2="7" tag="650"><subfield code="a">Phraséologie</subfield><subfield code="0">(IDREF)02750820X</subfield><subfield code="2">idref</subfield></datafield><datafield ind1=" " ind2="7" tag="655"><subfield code="a">Aufsatzsammlung</subfield><subfield code="2">gnd-content</subfield></datafield><datafield ind1="1" ind2=" " tag="700"><subfield code="a">Cowie, Anthony Paul</subfield><subfield code="0">(DE-588)120311674</subfield></datafield><datafield ind1=" " ind2=" " tag="830"><subfield code="a">Oxford studies in lexicography and lexicology</subfield><subfield code="w">(RERO)1870007-41slsp</subfield></datafield><datafield ind1=" " ind2=" " tag="900"><subfield code="a">Stoppsignal FRED</subfield><subfield code="x">UBE/B410/202308</subfield></datafield><datafield ind1=" " ind2=" " tag="900"><subfield code="a">REROnoselfmerge</subfield></datafield></record>
</metadata></record>