<record><header><identifier>oai:alma.41SLSP_UGE:991000018129705502</identifier><datestamp>2023-04-23T00:11:11Z</datestamp><setSpec>uge_bcen_RapidILL_BOOK</setSpec><setSpec>uge_aaca_RapidILL_BOOK</setSpec><setSpec>uge_abels_RapidILL_BOOK</setSpec><setSpec>uge_dbu_RapidILL_BOOK</setSpec><setSpec>uge_cmu_RapidILL_BOOK</setSpec><setSpec>uge_mail_RapidILL_BOOK</setSpec><setSpec>uge_abbat_RapidILL_BOOK</setSpec><setSpec>UNIGE_ALL</setSpec><setSpec>uge_aobs_RapidILL_BOOK</setSpec><setSpec>uge_acar_RapidILL_BOOK</setSpec></header><metadata>
<record xmlns="http://www.loc.gov/MARC21/slim" xmlns:xsi="http://www.w3.org/2001/XMLSchema-instance" xsi:schemaLocation="http://www.loc.gov/MARC21/slim http://www.loc.gov/standards/marcxml/schema/MARC21slim.xsd"><leader>01904nam a22004572c 4500</leader><controlfield tag="001">991000018129705502</controlfield><controlfield tag="005">20201229220334.0</controlfield><controlfield tag="008">201011s1983    ne ||||| |||| 10| ||eng d</controlfield><datafield ind1=" " ind2=" " tag="020"><subfield code="a">0444865608</subfield></datafield><datafield ind1=" " ind2=" " tag="035"><subfield code="a">(swissbib)214941736-41slsp_network</subfield></datafield><datafield ind1=" " ind2=" " tag="035"><subfield code="a">214941736</subfield><subfield code="9">ExL</subfield></datafield><datafield ind1=" " ind2=" " tag="035"><subfield code="a">(RERO)R003278546-41slsp</subfield></datafield><datafield ind1=" " ind2=" " tag="035"><subfield code="a">(NEBIS)007708462EBI01</subfield></datafield><datafield ind1=" " ind2=" " tag="035"><subfield code="a">(NEBIS)000287256EBI01</subfield></datafield><datafield ind1=" " ind2=" " tag="035"><subfield code="a">(EXLNZ-41SLSP_NETWORK)991085769309705501</subfield></datafield><datafield ind1=" " ind2=" " tag="040"><subfield code="a">RERO geussp</subfield><subfield code="d">CH-ZuSLS</subfield></datafield><datafield ind1="0" ind2=" " tag="041"><subfield code="a">eng</subfield><subfield code="a">fre</subfield></datafield><datafield ind1=" " ind2="7" tag="072"><subfield code="a">py</subfield><subfield code="2">rero</subfield></datafield><datafield ind1="0" ind2="0" tag="245"><subfield code="a">Rayonnement gravitationnel</subfield><subfield code="b">= Gravitational radiation</subfield><subfield code="c">ed. by Nathalie Deruelle and Tsvi Piran</subfield></datafield><datafield ind1="1" ind2="1" tag="246"><subfield code="a">Gravitational radiation</subfield></datafield><datafield ind1=" " ind2="1" tag="264"><subfield code="a">Amsterdam [etc.]</subfield><subfield code="b">Norh-Holland</subfield><subfield code="c">[1983]</subfield></datafield><datafield ind1=" " ind2="4" tag="264"><subfield code="c">© 1983</subfield></datafield><datafield ind1=" " ind2=" " tag="300"><subfield code="a">XXV, 510 p.</subfield><subfield code="c">23 cm</subfield><subfield code="b">fig.; tab.</subfield></datafield><datafield ind1=" " ind2=" " tag="336"><subfield code="b">txt</subfield><subfield code="2">rdacontent</subfield></datafield><datafield ind1=" " ind2=" " tag="337"><subfield code="b">n</subfield><subfield code="2">rdamedia</subfield></datafield><datafield ind1=" " ind2=" " tag="338"><subfield code="b">nc</subfield><subfield code="2">rdacarrier</subfield></datafield><datafield ind1="0" ind2=" " tag="490"><subfield code="a">Publication du Centre de physique des Houches</subfield></datafield><datafield ind1=" " ind2=" " tag="500"><subfield code="a">Institut d'études avancées de l'OTAN = NATO Advanced Study Institute</subfield></datafield><datafield ind1=" " ind2=" " tag="500"><subfield code="a">NATO ASI Centre de physique des Houches, M.T. Béal-Momod and D. Thoulouze Directors, 2 june - 21 June 1982</subfield></datafield><datafield ind1=" " ind2=" " tag="500"><subfield code="a">Am Kopf des Titelblatts: NATO ASI, Centre de physique des Houches, 2 June-21 June 1982</subfield></datafield><datafield ind1=" " ind2=" " tag="500"><subfield code="a">Texte: anglais</subfield></datafield><datafield ind1=" " ind2=" " tag="504"><subfield code="a">Bibliogr</subfield></datafield><datafield ind1=" " ind2="7" tag="650"><subfield code="a">GRAVITATIONSWELLEN</subfield><subfield code="9">ger</subfield><subfield code="0">(ETHUDK)000014260</subfield><subfield code="2">ethudk</subfield></datafield><datafield ind1=" " ind2="7" tag="655"><subfield code="a">Konferenzschrift</subfield><subfield code="z">Les Houches</subfield><subfield code="y">1982</subfield><subfield code="2">gnd-content</subfield></datafield><datafield ind1=" " ind2=" " tag="690"><subfield code="a">530.121</subfield><subfield code="d">Relativistische Gravitationstheorie, Gravitationswellen</subfield><subfield code="2">uzb-UK</subfield></datafield><datafield ind1="1" ind2=" " tag="700"><subfield code="a">Piran, Tsvi</subfield><subfield code="d">1949-....</subfield><subfield code="0">(IDREF)033012547</subfield></datafield><datafield ind1="1" ind2=" " tag="700"><subfield code="a">Deruelle, Nathalie</subfield><subfield code="d">1952-</subfield><subfield code="0">(DE-588)117017292X</subfield><subfield code="6">880-03</subfield></datafield><datafield ind1="1" ind2=" " tag="880"><subfield code="6">700-03</subfield><subfield code="a">Deruelle, Nathalie</subfield><subfield code="d">1952-....</subfield><subfield code="0">(IDREF)057756430</subfield></datafield><datafield ind1="2" ind2=" " tag="710"><subfield code="a">NATO</subfield><subfield code="0">(DE-588)377-3</subfield></datafield><datafield ind1="2" ind2=" " tag="710"><subfield code="a">Centre de physique</subfield><subfield code="g">Les Houches, Haute-Savoie, France</subfield><subfield code="0">(IDREF)034330267</subfield></datafield><datafield ind1="2" ind2=" " tag="711"><subfield code="a">NATO Advanced Study Institute</subfield><subfield code="d">1982</subfield><subfield code="c">Les Houches</subfield><subfield code="0">(RERO)A012337871</subfield></datafield><datafield ind1=" " ind2=" " tag="900"><subfield code="a">REROnoselfmerge</subfield></datafield></record>
</metadata></record>