<record><header><identifier>oai:alma.41SLSP_UGE:991000018149705502</identifier><datestamp>2023-06-20T00:20:01Z</datestamp><setSpec>uge_bcen_RapidILL_BOOK</setSpec><setSpec>uge_aaca_RapidILL_BOOK</setSpec><setSpec>uge_abels_RapidILL_BOOK</setSpec><setSpec>uge_dbu_RapidILL_BOOK</setSpec><setSpec>uge_cmu_RapidILL_BOOK</setSpec><setSpec>uge_mail_RapidILL_BOOK</setSpec><setSpec>uge_abbat_RapidILL_BOOK</setSpec><setSpec>UNIGE_ALL</setSpec><setSpec>uge_aobs_RapidILL_BOOK</setSpec><setSpec>uge_acar_RapidILL_BOOK</setSpec></header><metadata>
<record xmlns="http://www.loc.gov/MARC21/slim" xmlns:xsi="http://www.w3.org/2001/XMLSchema-instance" xsi:schemaLocation="http://www.loc.gov/MARC21/slim http://www.loc.gov/standards/marcxml/schema/MARC21slim.xsd"><leader>03413nam a2200709 c 4500</leader><controlfield tag="001">991000018149705502</controlfield><controlfield tag="005">20230619205632.0</controlfield><controlfield tag="008">201011s2009    xxu||||| |||| 00| ||eng d</controlfield><datafield ind1=" " ind2=" " tag="010"><subfield code="a">2009013939</subfield></datafield><datafield ind1=" " ind2=" " tag="020"><subfield code="a">9780803220577</subfield><subfield code="q">cloth : alk. paper</subfield></datafield><datafield ind1="7" ind2=" " tag="024"><subfield code="a">http://catalogue.bnf.fr/ark:/12148/cb420702749</subfield><subfield code="2">uri</subfield></datafield><datafield ind1=" " ind2=" " tag="035"><subfield code="a">(swissbib)229648894-41slsp_network</subfield></datafield><datafield ind1=" " ind2=" " tag="035"><subfield code="a">229648894</subfield><subfield code="9">ExL</subfield></datafield><datafield ind1=" " ind2=" " tag="035"><subfield code="a">(RERO)R005352008-41slsp</subfield></datafield><datafield ind1=" " ind2=" " tag="035"><subfield code="a">(IDSBB)005222519DSV01</subfield></datafield><datafield ind1=" " ind2=" " tag="035"><subfield code="a">(NEBIS)005809372EBI01</subfield></datafield><datafield ind1=" " ind2=" " tag="035"><subfield code="a">(EXLNZ-41SLSP_NETWORK)991073403159705501</subfield></datafield><datafield ind1=" " ind2=" " tag="040"><subfield code="a">DLC</subfield><subfield code="d">CH-ZuSLS</subfield></datafield><datafield ind1="0" ind2="0" tag="050"><subfield code="a">PR590</subfield><subfield code="b">.G36 2009</subfield></datafield><datafield ind1=" " ind2="7" tag="072"><subfield code="a">an</subfield><subfield code="2">rero</subfield></datafield><datafield ind1=" " ind2="7" tag="072"><subfield code="a">le</subfield><subfield code="2">SzZuIDS BS/BE</subfield></datafield><datafield ind1="0" ind2="0" tag="082"><subfield code="a">821/.709145</subfield><subfield code="2">22</subfield></datafield><datafield ind1="1" ind2=" " tag="100"><subfield code="a">Gannon, Thomas C.</subfield><subfield code="d">19..-....</subfield><subfield code="0">(IDREF)168040344</subfield><subfield code="4">cre</subfield></datafield><datafield ind1="1" ind2="0" tag="245"><subfield code="a">Skylark meets meadowlark</subfield><subfield code="b">reimagining the bird in British romantic and contemporary native American literature</subfield><subfield code="c">Thomas C. Gannon</subfield></datafield><datafield ind1=" " ind2="1" tag="264"><subfield code="a">Lincoln</subfield><subfield code="b">University of Nebraska Press</subfield><subfield code="c">2009</subfield></datafield><datafield ind1=" " ind2=" " tag="300"><subfield code="a">xviii, 416 p.</subfield><subfield code="c">24 cm</subfield></datafield><datafield ind1=" " ind2=" " tag="336"><subfield code="b">txt</subfield><subfield code="2">rdacontent</subfield></datafield><datafield ind1=" " ind2=" " tag="337"><subfield code="b">n</subfield><subfield code="2">rdamedia</subfield></datafield><datafield ind1=" " ind2=" " tag="338"><subfield code="b">nc</subfield><subfield code="2">rdacarrier</subfield></datafield><datafield ind1=" " ind2=" " tag="504"><subfield code="a">Includes bibliographical references and index.</subfield></datafield><datafield ind1="0" ind2=" " tag="505"><subfield code="a">Birds of a feather: avians, indigenes, animal rights, and ecology -- Wandering voices: the avian other from Cowper to Wordsworth -- Blithe spirit and immortal bird: the avian other from Wordsworth to Clare -- The eagle and the crow: avian returns in native American literature -- Beatitude of birds: contemporary native poetry -- Epilogue: the avian speaks back</subfield></datafield><datafield ind1=" " ind2="7" tag="648"><subfield code="a">Geschichte 1793-1825</subfield><subfield code="2">gnd</subfield></datafield><datafield ind1=" " ind2="7" tag="648"><subfield code="a">Geschichte 1980-2009</subfield><subfield code="2">gnd</subfield></datafield><datafield ind1=" " ind2="7" tag="648"><subfield code="a">Geschichte 1790-1830</subfield><subfield code="2">gnd</subfield></datafield><datafield ind1=" " ind2="0" tag="650"><subfield code="a">American literature</subfield><subfield code="x">Indian authors</subfield><subfield code="x">History and criticism</subfield></datafield><datafield ind1=" " ind2="0" tag="650"><subfield code="a">American literature</subfield><subfield code="y">21st century</subfield><subfield code="x">History and criticism</subfield></datafield><datafield ind1=" " ind2="0" tag="650"><subfield code="a">Birds in literature</subfield></datafield><datafield ind1=" " ind2="0" tag="650"><subfield code="a">English poetry</subfield><subfield code="y">19th century</subfield><subfield code="x">History and criticism</subfield></datafield><datafield ind1=" " ind2="0" tag="650"><subfield code="a">Romanticism</subfield><subfield code="z">Great Britain</subfield></datafield><datafield ind1=" " ind2="7" tag="650"><subfield code="a">Critique littéraire</subfield><subfield code="0">(IDREF)027286592</subfield><subfield code="2">idref</subfield></datafield><datafield ind1=" " ind2="7" tag="650"><subfield code="a">Écologie</subfield><subfield code="0">(IDREF)027232700</subfield><subfield code="2">idref</subfield></datafield><datafield ind1=" " ind2="7" tag="650"><subfield code="a">Poésie anglaise</subfield><subfield code="0">(IDREF)027247481</subfield><subfield code="2">idref</subfield></datafield><datafield ind1=" " ind2="7" tag="650"><subfield code="a">20e siècle (fin)</subfield><subfield code="0">(RERO)A022536780</subfield><subfield code="2">rero</subfield></datafield><datafield ind1=" " ind2="7" tag="650"><subfield code="a">Oiseaux</subfield><subfield code="0">(IDREF)027243990</subfield><subfield code="2">idref</subfield></datafield><datafield ind1=" " ind2="7" tag="650"><subfield code="a">Romantisme</subfield><subfield code="0">(IDREF)027242951</subfield><subfield code="2">idref</subfield></datafield><datafield ind1=" " ind2="7" tag="650"><subfield code="a">Littérature indienne d'Amérique</subfield><subfield code="0">(IDREF)027556662</subfield><subfield code="2">idref</subfield></datafield><datafield ind1=" " ind2="7" tag="650"><subfield code="a">Poésie indienne d'Amérique</subfield><subfield code="0">(IDREF)028562690</subfield><subfield code="2">idref</subfield></datafield><datafield ind1=" " ind2="7" tag="650"><subfield code="a">Englisch</subfield><subfield code="0">(DE-588)4014777-0</subfield><subfield code="2">gnd</subfield></datafield><datafield ind1=" " ind2="7" tag="650"><subfield code="a">Indianer</subfield><subfield code="0">(DE-588)4026718-0</subfield><subfield code="2">gnd</subfield></datafield><datafield ind1=" " ind2="7" tag="650"><subfield code="a">Lyrik</subfield><subfield code="0">(DE-588)4036774-5</subfield><subfield code="2">gnd</subfield></datafield><datafield ind1=" " ind2="7" tag="650"><subfield code="a">Vögel</subfield><subfield code="g">Motiv</subfield><subfield code="0">(DE-588)4121878-4</subfield><subfield code="2">gnd</subfield></datafield><datafield ind1=" " ind2="7" tag="650"><subfield code="a">Romantik</subfield><subfield code="0">(DE-588)4050491-8</subfield><subfield code="2">gnd</subfield></datafield><datafield ind1=" " ind2="7" tag="650"><subfield code="a">English poetry</subfield><subfield code="x">History and criticism</subfield><subfield code="y">19th century</subfield><subfield code="2">idszbzna</subfield></datafield><datafield ind1=" " ind2="7" tag="650"><subfield code="a">Birds in literature</subfield><subfield code="2">idszbzna</subfield></datafield><datafield ind1=" " ind2="7" tag="650"><subfield code="a">American literature</subfield><subfield code="y">21st century</subfield><subfield code="x">History and criticism</subfield><subfield code="2">idszbzna</subfield></datafield><datafield ind1=" " ind2="7" tag="650"><subfield code="a">American literature</subfield><subfield code="x">Indian authors</subfield><subfield code="x">History and criticism</subfield><subfield code="2">idszbzna</subfield></datafield><datafield ind1=" " ind2="7" tag="650"><subfield code="a">Romanticism</subfield><subfield code="x">Great Britain</subfield><subfield code="2">idszbzna</subfield></datafield><datafield ind1=" " ind2="7" tag="650"><subfield code="a">Literatur</subfield><subfield code="0">(DE-588)4035964-5</subfield><subfield code="2">gnd</subfield></datafield><datafield ind1=" " ind2="7" tag="651"><subfield code="a">États-Unis</subfield><subfield code="0">(IDREF)027225488</subfield><subfield code="2">idref</subfield></datafield><datafield ind1=" " ind2="7" tag="651"><subfield code="a">USA</subfield><subfield code="0">(DE-588)4078704-7</subfield><subfield code="2">gnd</subfield></datafield><datafield ind1="4" ind2=" " tag="856"><subfield code="3">Titelblatt und Inhaltsverzeichnis</subfield><subfield code="u">https://toc.library.ethz.ch/objects/pdf/z01_978-0-8032-2057-7_01.pdf</subfield><subfield code="q">pdf</subfield></datafield><datafield ind1=" " ind2=" " tag="900"><subfield code="a">IDSZ2zbzmon200910f</subfield><subfield code="c">IDSZ2proc</subfield><subfield code="d">IDSZ2zbzswk2009010b</subfield><subfield code="e">IDSZ2mahe</subfield></datafield><datafield ind1=" " ind2=" " tag="949"><subfield code="a">https://toc.library.ethz.ch/objects/pdf/z01_978-0-8032-2057-7_01.pdf</subfield></datafield></record>
</metadata></record>