<record><header><identifier>oai:alma.41SLSP_UGE:991000017629705502</identifier><datestamp>2023-12-15T01:25:43Z</datestamp><setSpec>uge_bcen_RapidILL_BOOK</setSpec><setSpec>uge_aaca_RapidILL_BOOK</setSpec><setSpec>uge_abels_RapidILL_BOOK</setSpec><setSpec>uge_dbu_RapidILL_BOOK</setSpec><setSpec>uge_cmu_RapidILL_BOOK</setSpec><setSpec>uge_mail_RapidILL_BOOK</setSpec><setSpec>uge_abbat_RapidILL_BOOK</setSpec><setSpec>UNIGE_ALL</setSpec><setSpec>uge_aobs_RapidILL_BOOK</setSpec><setSpec>uge_acar_RapidILL_BOOK</setSpec></header><metadata>
<record xmlns="http://www.loc.gov/MARC21/slim" xmlns:xsi="http://www.w3.org/2001/XMLSchema-instance" xsi:schemaLocation="http://www.loc.gov/MARC21/slim http://www.loc.gov/standards/marcxml/schema/MARC21slim.xsd"><leader>02332nam a2200577 c 4500</leader><controlfield tag="001">991000017629705502</controlfield><controlfield tag="005">20230217203843.0</controlfield><controlfield tag="008">201011s1984    xxu||||| |||| 00| ||eng d</controlfield><datafield ind1=" " ind2=" " tag="020"><subfield code="a">0802825109</subfield></datafield><datafield ind1=" " ind2=" " tag="020"><subfield code="a">0802824013</subfield></datafield><datafield ind1=" " ind2=" " tag="035"><subfield code="a">(swissbib)211038822-41slsp_network</subfield></datafield><datafield ind1=" " ind2=" " tag="035"><subfield code="a">211038822</subfield><subfield code="9">ExL</subfield></datafield><datafield ind1=" " ind2=" " tag="035"><subfield code="a">(RERO)0834179-41slsp</subfield></datafield><datafield ind1=" " ind2=" " tag="035"><subfield code="a">(IDSLU)000161058ILU01</subfield></datafield><datafield ind1=" " ind2=" " tag="035"><subfield code="a">(NEBIS)003030663EBI01</subfield></datafield><datafield ind1=" " ind2=" " tag="035"><subfield code="a">(EXLNZ-41SLSP_NETWORK)991126665959705501</subfield></datafield><datafield ind1=" " ind2=" " tag="040"><subfield code="a">RERO frbcuc</subfield><subfield code="d">CH-ZuSLS</subfield></datafield><datafield ind1=" " ind2="7" tag="072"><subfield code="a">th</subfield><subfield code="2">rero</subfield></datafield><datafield ind1=" " ind2="7" tag="072"><subfield code="a">730</subfield><subfield code="2">IDS LU</subfield></datafield><datafield ind1="1" ind2=" " tag="080"><subfield code="a">22.07NIC-NT</subfield></datafield><datafield ind1="0" ind2="0" tag="082"><subfield code="a">227</subfield><subfield code="2">19</subfield></datafield><datafield ind1="0" ind2="4" tag="082"><subfield code="a">227.077</subfield><subfield code="2">21</subfield></datafield><datafield ind1="0" ind2="4" tag="082"><subfield code="a">227.07</subfield><subfield code="b">BRU</subfield></datafield><datafield ind1="1" ind2=" " tag="100"><subfield code="a">Bruce, Frederick Fyvie</subfield><subfield code="d">1910-1990</subfield><subfield code="0">(IDREF)028575350</subfield><subfield code="4">cre</subfield></datafield><datafield ind1="1" ind2="0" tag="245"><subfield code="a">&lt;&lt;The&gt;&gt; Epistles to the Colossians, to Philemon, and to the Ephesians</subfield><subfield code="c">by F.F. Bruce</subfield></datafield><datafield ind1=" " ind2="1" tag="264"><subfield code="a">Grand Rapids, Mich.</subfield><subfield code="b">W.B. Eerdmans</subfield><subfield code="c">[1984]</subfield></datafield><datafield ind1=" " ind2="4" tag="264"><subfield code="c">© 1984</subfield></datafield><datafield ind1=" " ind2=" " tag="300"><subfield code="a">XXVIII, 442 p.</subfield><subfield code="c">22 cm</subfield></datafield><datafield ind1=" " ind2=" " tag="336"><subfield code="b">txt</subfield><subfield code="2">rdacontent</subfield></datafield><datafield ind1=" " ind2=" " tag="337"><subfield code="b">n</subfield><subfield code="2">rdamedia</subfield></datafield><datafield ind1=" " ind2=" " tag="338"><subfield code="b">nc</subfield><subfield code="2">rdacarrier</subfield></datafield><datafield ind1="1" ind2=" " tag="490"><subfield code="a">The new international commentary on the New Testament</subfield></datafield><datafield ind1="0" ind2="7" tag="600"><subfield code="a">Paulus</subfield><subfield code="c">Apostel, Heiliger</subfield><subfield code="0">(DE-588)118641549</subfield><subfield code="2">gnd</subfield></datafield><datafield ind1="0" ind2="7" tag="630"><subfield code="a">Bible</subfield><subfield code="p">N.T.</subfield><subfield code="p">Épîtres</subfield><subfield code="p">Paul</subfield><subfield code="p">Colossiens</subfield><subfield code="0">(IDREF)028946057</subfield><subfield code="2">idref</subfield></datafield><datafield ind1="0" ind2="7" tag="630"><subfield code="a">Bible</subfield><subfield code="p">N.T.</subfield><subfield code="p">Épîtres</subfield><subfield code="p">Paul</subfield><subfield code="p">Philémon</subfield><subfield code="0">(IDREF)028201213</subfield><subfield code="2">idref</subfield></datafield><datafield ind1="0" ind2="7" tag="630"><subfield code="a">Bible</subfield><subfield code="p">N.T.</subfield><subfield code="p">Épîtres</subfield><subfield code="p">Paul</subfield><subfield code="p">Éphésiens</subfield><subfield code="0">(IDREF)028199375</subfield><subfield code="2">idref</subfield></datafield><datafield ind1="0" ind2="7" tag="630"><subfield code="a">Bibel</subfield><subfield code="p">Epheserbrief</subfield><subfield code="0">(DE-588)4075938-6</subfield><subfield code="2">gnd</subfield></datafield><datafield ind1="0" ind2="7" tag="630"><subfield code="a">Bibel</subfield><subfield code="p">Kolosserbrief</subfield><subfield code="0">(DE-588)4075946-5</subfield><subfield code="2">gnd</subfield></datafield><datafield ind1="0" ind2="7" tag="630"><subfield code="a">Bibel</subfield><subfield code="p">Philemonbrief</subfield><subfield code="0">(DE-588)4075950-7</subfield><subfield code="2">gnd</subfield></datafield><datafield ind1="0" ind2="0" tag="630"><subfield code="a">Bible</subfield><subfield code="p">Colossians</subfield><subfield code="v">Commentaries</subfield></datafield><datafield ind1="0" ind2="0" tag="630"><subfield code="a">Bible</subfield><subfield code="p">Ephesians</subfield><subfield code="v">Commentaries</subfield></datafield><datafield ind1="0" ind2="0" tag="630"><subfield code="a">Bible</subfield><subfield code="p">Philemon</subfield><subfield code="v">Commentaries</subfield></datafield><datafield ind1=" " ind2="7" tag="650"><subfield code="a">Kommentar</subfield><subfield code="0">(DE-588)4136710-8</subfield><subfield code="2">gnd</subfield></datafield><datafield ind1=" " ind2="7" tag="655"><subfield code="a">Commentaire de texte</subfield><subfield code="0">(IDREF)27790681</subfield><subfield code="2">idref</subfield></datafield><datafield ind1="1" ind2=" " tag="700"><subfield code="a">Bruce, F. F.</subfield><subfield code="d">1910-1990</subfield><subfield code="0">(DE-588)115689826</subfield></datafield><datafield ind1="0" ind2=" " tag="730"><subfield code="a">Bible</subfield><subfield code="n">218</subfield><subfield code="p">N.T</subfield><subfield code="p">Epître aux Colossiens</subfield><subfield code="l">Anglais</subfield></datafield><datafield ind1="0" ind2=" " tag="730"><subfield code="a">Bible</subfield><subfield code="n">227</subfield><subfield code="p">N.T</subfield><subfield code="p">Epître à Philémon</subfield><subfield code="l">Anglais</subfield></datafield><datafield ind1="0" ind2=" " tag="730"><subfield code="a">Bible</subfield><subfield code="n">216</subfield><subfield code="p">N.T</subfield><subfield code="p">Epître aux Ephésiens</subfield><subfield code="l">Anglais</subfield></datafield><datafield ind1=" " ind2=" " tag="830"><subfield code="a">&lt;&lt;The&gt;&gt; new international commentary on the New Testament</subfield><subfield code="w">(RERO)0566297-41slsp</subfield></datafield><datafield ind1=" " ind2=" " tag="830"><subfield code="a">&lt;&lt;The&gt;&gt; new international commentary on the New Testament</subfield><subfield code="v">10 1</subfield><subfield code="w">(IDSLU)000165249ILU01</subfield></datafield><datafield ind1=" " ind2=" " tag="900"><subfield code="a">REROnoselfmerge</subfield></datafield><datafield ind1=" " ind2=" " tag="900"><subfield code="a">IDSZRMedeaZBZ</subfield><subfield code="b">IDSZRSWK</subfield></datafield></record>
</metadata></record>