<record><header><identifier>oai:alma.41SLSP_UGE:991000018359705502</identifier><datestamp>2023-03-30T00:11:19Z</datestamp><setSpec>uge_bcen_RapidILL_BOOK</setSpec><setSpec>uge_aaca_RapidILL_BOOK</setSpec><setSpec>uge_abels_RapidILL_BOOK</setSpec><setSpec>uge_dbu_RapidILL_BOOK</setSpec><setSpec>uge_cmu_RapidILL_BOOK</setSpec><setSpec>uge_mail_RapidILL_BOOK</setSpec><setSpec>uge_abbat_RapidILL_BOOK</setSpec><setSpec>UNIGE_ALL</setSpec><setSpec>uge_acar_RapidILL_BOOK</setSpec><setSpec>uge_aobs_RapidILL_BOOK</setSpec></header><metadata>
<record xmlns="http://www.loc.gov/MARC21/slim" xmlns:xsi="http://www.w3.org/2001/XMLSchema-instance" xsi:schemaLocation="http://www.loc.gov/MARC21/slim http://www.loc.gov/standards/marcxml/schema/MARC21slim.xsd"><leader>01912nam a2200553 c 4500</leader><controlfield tag="001">991000018359705502</controlfield><controlfield tag="005">20230329202008.0</controlfield><controlfield tag="008">201011s1998    xxk||||| |||| 00| ||eng d</controlfield><datafield ind1=" " ind2=" " tag="010"><subfield code="a">98060527</subfield></datafield><datafield ind1=" " ind2=" " tag="020"><subfield code="a">0761952586</subfield></datafield><datafield ind1=" " ind2=" " tag="020"><subfield code="a">0761952594</subfield><subfield code="q">pbk.</subfield></datafield><datafield ind1="7" ind2=" " tag="024"><subfield code="a">http://catalogue.bnf.fr/ark:/12148/cb371133933</subfield><subfield code="2">uri</subfield></datafield><datafield ind1=" " ind2=" " tag="035"><subfield code="a">(swissbib)221961062-41slsp_network</subfield></datafield><datafield ind1=" " ind2=" " tag="035"><subfield code="a">221961062</subfield><subfield code="9">ExL</subfield></datafield><datafield ind1=" " ind2=" " tag="035"><subfield code="a">(RERO)R236197060-41slsp</subfield></datafield><datafield ind1=" " ind2=" " tag="035"><subfield code="a">(NEBIS)003885616EBI01</subfield></datafield><datafield ind1=" " ind2=" " tag="035"><subfield code="a">(OCoLC)39728182</subfield></datafield><datafield ind1=" " ind2=" " tag="035"><subfield code="a">(EXLNZ-41SLSP_NETWORK)991011399819705501</subfield></datafield><datafield ind1=" " ind2=" " tag="040"><subfield code="a">RERO labcud</subfield><subfield code="d">CH-ZuSLS</subfield></datafield><datafield ind1=" " ind2=" " tag="050"><subfield code="a">BF311</subfield><subfield code="b">.M44875 1998</subfield></datafield><datafield ind1=" " ind2="7" tag="072"><subfield code="a">ps</subfield><subfield code="2">rero</subfield></datafield><datafield ind1="0" ind2="0" tag="082"><subfield code="a">153</subfield><subfield code="2">21</subfield></datafield><datafield ind1="0" ind2="4" tag="082"><subfield code="a">153.4</subfield><subfield code="2">21</subfield></datafield><datafield ind1="1" ind2="4" tag="082"><subfield code="a">153</subfield><subfield code="2">20</subfield></datafield><datafield ind1="0" ind2="0" tag="245"><subfield code="a">Metacognition</subfield><subfield code="b">cognitive and social dimensions</subfield><subfield code="c">ed. by Vincent Y. Yzerbyt, Guy Lories and Benoit Dardenne</subfield></datafield><datafield ind1=" " ind2="1" tag="264"><subfield code="a">London [etc.]</subfield><subfield code="b">Sage</subfield><subfield code="c">1998</subfield></datafield><datafield ind1=" " ind2=" " tag="300"><subfield code="a">XIV, 253 p.</subfield><subfield code="b">ill.</subfield><subfield code="c">24 cm</subfield></datafield><datafield ind1=" " ind2=" " tag="336"><subfield code="b">txt</subfield><subfield code="2">rdacontent</subfield></datafield><datafield ind1=" " ind2=" " tag="337"><subfield code="b">n</subfield><subfield code="2">rdamedia</subfield></datafield><datafield ind1=" " ind2=" " tag="338"><subfield code="b">nc</subfield><subfield code="2">rdacarrier</subfield></datafield><datafield ind1=" " ind2="7" tag="650"><subfield code="a">Métacognition</subfield><subfield code="0">(IDREF)050410652</subfield><subfield code="2">idref</subfield></datafield><datafield ind1=" " ind2="7" tag="650"><subfield code="a">Perception sociale</subfield><subfield code="0">(IDREF)050592351</subfield><subfield code="2">idref</subfield></datafield><datafield ind1=" " ind2="7" tag="650"><subfield code="a">Metakognition</subfield><subfield code="2">idszbz</subfield></datafield><datafield ind1=" " ind2="7" tag="650"><subfield code="a">Sozialpsychologie</subfield><subfield code="2">idszbz</subfield></datafield><datafield ind1=" " ind2="0" tag="650"><subfield code="a">Cognition</subfield></datafield><datafield ind1=" " ind2="0" tag="650"><subfield code="a">Metacognition</subfield><subfield code="v">Congresses</subfield></datafield><datafield ind1=" " ind2="0" tag="650"><subfield code="a">Psychology, Social</subfield></datafield><datafield ind1=" " ind2="0" tag="650"><subfield code="a">Social perception</subfield><subfield code="v">Congresses</subfield></datafield><datafield ind1=" " ind2="0" tag="650"><subfield code="a">Social psychology</subfield><subfield code="x">Congresses</subfield></datafield><datafield ind1=" " ind2="7" tag="650"><subfield code="a">Metakognition</subfield><subfield code="0">(DE-588)4169558-6</subfield><subfield code="2">gnd</subfield></datafield><datafield ind1=" " ind2="0" tag="650"><subfield code="a">Metacognition</subfield></datafield><datafield ind1=" " ind2="0" tag="650"><subfield code="a">Metacognition</subfield><subfield code="x">Congresses</subfield></datafield><datafield ind1=" " ind2="0" tag="650"><subfield code="a">Social perception</subfield><subfield code="x">Congresses</subfield></datafield><datafield ind1=" " ind2="0" tag="650"><subfield code="a">Social psychology</subfield><subfield code="v">Congresses</subfield></datafield><datafield ind1=" " ind2="7" tag="655"><subfield code="a">[Études diverses]</subfield><subfield code="0">(RERO)A022249905</subfield><subfield code="2">rero</subfield></datafield><datafield ind1=" " ind2="7" tag="655"><subfield code="a">Aufsatzsammlung</subfield><subfield code="2">gnd-content</subfield></datafield><datafield ind1="1" ind2=" " tag="700"><subfield code="a">Yzerbyt, Vincent</subfield><subfield code="0">(DE-588)152916660</subfield><subfield code="6">880-02</subfield></datafield><datafield ind1="1" ind2=" " tag="880"><subfield code="6">700-02</subfield><subfield code="a">Yzerbyt, Vincent</subfield><subfield code="d">1961-....</subfield><subfield code="0">(IDREF)03484368X</subfield></datafield><datafield ind1=" " ind2=" " tag="900"><subfield code="a">REROnoselfmerge</subfield></datafield><datafield ind1=" " ind2=" " tag="900"><subfield code="a">IDSZ2zbzmon200007f</subfield><subfield code="c">IDSZ2staub</subfield><subfield code="d">IDSZ2zbzswk200009b</subfield><subfield code="e">IDSZ2bisg</subfield></datafield></record>
</metadata></record>