<record><header><identifier>oai:alma.41SLSP_UGE:991000018059705502</identifier><datestamp>2023-06-10T00:18:12Z</datestamp><setSpec>uge_bcen_RapidILL_BOOK</setSpec><setSpec>uge_aaca_RapidILL_BOOK</setSpec><setSpec>uge_abels_RapidILL_BOOK</setSpec><setSpec>uge_dbu_RapidILL_BOOK</setSpec><setSpec>uge_cmu_RapidILL_BOOK</setSpec><setSpec>uge_mail_RapidILL_BOOK</setSpec><setSpec>uge_abbat_RapidILL_BOOK</setSpec><setSpec>UNIGE_ALL</setSpec><setSpec>uge_acar_RapidILL_BOOK</setSpec><setSpec>uge_aobs_RapidILL_BOOK</setSpec></header><metadata>
<record xmlns="http://www.loc.gov/MARC21/slim" xmlns:xsi="http://www.w3.org/2001/XMLSchema-instance" xsi:schemaLocation="http://www.loc.gov/MARC21/slim http://www.loc.gov/standards/marcxml/schema/MARC21slim.xsd"><leader>01977nam a2200529 c 4500</leader><controlfield tag="001">991000018059705502</controlfield><controlfield tag="005">20201231121553.0</controlfield><controlfield tag="008">201012s1971    fr ||||| |||| 00| ||fre d</controlfield><datafield ind1=" " ind2=" " tag="019"><subfield code="a">CcMedea</subfield><subfield code="5">SBT/23.02.2004/zs</subfield></datafield><datafield ind1="7" ind2=" " tag="024"><subfield code="a">http://catalogue.bnf.fr/ark:/12148/cb36650088h</subfield><subfield code="2">uri</subfield></datafield><datafield ind1=" " ind2=" " tag="035"><subfield code="a">(swissbib)237976943-41slsp_network</subfield></datafield><datafield ind1=" " ind2=" " tag="035"><subfield code="a">237976943</subfield><subfield code="9">ExL</subfield></datafield><datafield ind1=" " ind2=" " tag="035"><subfield code="a">(RERO)0078718-41slsp</subfield></datafield><datafield ind1=" " ind2=" " tag="035"><subfield code="a">(SBT)000325508SBT01</subfield></datafield><datafield ind1=" " ind2=" " tag="035"><subfield code="a">(NEBIS)008761591EBI01</subfield></datafield><datafield ind1=" " ind2=" " tag="035"><subfield code="a">(IDSBB)000570732DSV01</subfield></datafield><datafield ind1=" " ind2=" " tag="035"><subfield code="a">(EXLNZ-41SLSP_NETWORK)991104469239705501</subfield></datafield><datafield ind1=" " ind2=" " tag="040"><subfield code="a">RERO</subfield><subfield code="d">CH-ZuSLS</subfield></datafield><datafield ind1="1" ind2=" " tag="041"><subfield code="a">fre</subfield><subfield code="a">lat</subfield><subfield code="h">lat</subfield></datafield><datafield ind1=" " ind2="7" tag="072"><subfield code="a">la</subfield><subfield code="2">rero</subfield></datafield><datafield ind1=" " ind2="7" tag="072"><subfield code="a">kp</subfield><subfield code="2">SzZuIDS BS/BE</subfield></datafield><datafield ind1="1" ind2=" " tag="080"><subfield code="a">871STAT7Ach</subfield></datafield><datafield ind1="0" ind2="4" tag="082"><subfield code="a">873.01</subfield></datafield><datafield ind1="1" ind2="4" tag="082"><subfield code="a">873.01</subfield></datafield><datafield ind1="1" ind2=" " tag="100"><subfield code="a">Statius, Publius Papinius</subfield><subfield code="d">45-96</subfield><subfield code="0">(DE-588)118798502</subfield><subfield code="6">880-01</subfield></datafield><datafield ind1="1" ind2=" " tag="880"><subfield code="6">100-01</subfield><subfield code="a">Stace</subfield><subfield code="d">0040?-0096</subfield><subfield code="0">(IDREF)028491254</subfield><subfield code="4">cre</subfield></datafield><datafield ind1="1" ind2=" " tag="880"><subfield code="6">100-01</subfield><subfield code="a">Statius, Publius Papinius</subfield><subfield code="d">45-96</subfield><subfield code="0">(SBT11)000007153</subfield></datafield><datafield ind1="1" ind2="0" tag="240"><subfield code="a">Achilleis</subfield></datafield><datafield ind1="1" ind2="0" tag="245"><subfield code="a">Achilléide</subfield><subfield code="c">Stace ; texte établi et trad. par Jean Méheust</subfield></datafield><datafield ind1=" " ind2="1" tag="264"><subfield code="a">Paris</subfield><subfield code="b">Les Belles lettres</subfield><subfield code="c">1971</subfield></datafield><datafield ind1=" " ind2=" " tag="300"><subfield code="a">LIV, 106 p. dont p. 7-61 avec pag. double</subfield><subfield code="c">20 cm</subfield></datafield><datafield ind1=" " ind2=" " tag="336"><subfield code="b">txt</subfield><subfield code="2">rdacontent</subfield></datafield><datafield ind1=" " ind2=" " tag="337"><subfield code="b">n</subfield><subfield code="2">rdamedia</subfield></datafield><datafield ind1=" " ind2=" " tag="338"><subfield code="b">nc</subfield><subfield code="2">rdacarrier</subfield></datafield><datafield ind1="1" ind2=" " tag="490"><subfield code="a">Collection des universités de France</subfield></datafield><datafield ind1=" " ind2=" " tag="500"><subfield code="a">Texte latin avec trad. française en regard</subfield></datafield><datafield ind1=" " ind2=" " tag="500"><subfield code="a">Texte Latin et traduction française en regard. Paginées en double</subfield></datafield><datafield ind1=" " ind2=" " tag="500"><subfield code="a">Originaltitel: Achilleis</subfield></datafield><datafield ind1="1" ind2="7" tag="600"><subfield code="a">Statius, Publius Papinius</subfield><subfield code="d">45-96</subfield><subfield code="t">Achilleis</subfield><subfield code="0">(DE-588)4301713-7</subfield><subfield code="2">gnd</subfield></datafield><datafield ind1=" " ind2=" " tag="690"><subfield code="a">Rom : Literatur : Epos</subfield><subfield code="2">uzb-UL</subfield></datafield><datafield ind1=" " ind2=" " tag="691"><subfield code="e">880</subfield><subfield code="a">Letterature classiche (greca e latina)</subfield><subfield code="2">usi-TE</subfield></datafield><datafield ind1="1" ind2=" " tag="700"><subfield code="a">Meheust, Jean</subfield><subfield code="0">(IDREF)074567101</subfield></datafield><datafield ind1=" " ind2=" " tag="830"><subfield code="a">Collection des universités de France</subfield><subfield code="p">Série latine</subfield><subfield code="v">202</subfield><subfield code="w">(SBT)000000116SBT01</subfield></datafield><datafield ind1=" " ind2=" " tag="830"><subfield code="a">Collection des universités de France</subfield><subfield code="w">(RERO)0009417-41slsp</subfield></datafield><datafield ind1=" " ind2=" " tag="900"><subfield code="a">REROnoselfmerge</subfield></datafield><datafield ind1=" " ind2=" " tag="900"><subfield code="a">IDST9ccmedea</subfield></datafield><datafield ind1=" " ind2=" " tag="900"><subfield code="f">IDSU2medea</subfield></datafield><datafield ind1=" " ind2=" " tag="900"><subfield code="a">IDSZRMedeaZBZ</subfield><subfield code="b">IDSZRSWK</subfield></datafield></record>
</metadata></record>