<record><header><identifier>oai:alma.41SLSP_UGE:991000017849705502</identifier><datestamp>2024-09-13T00:09:24Z</datestamp><setSpec>uge_bcen_RapidILL_BOOK</setSpec><setSpec>uge_aaca_RapidILL_BOOK</setSpec><setSpec>uge_abels_RapidILL_BOOK</setSpec><setSpec>uge_dbu_RapidILL_BOOK</setSpec><setSpec>uge_cmu_RapidILL_BOOK</setSpec><setSpec>uge_mail_RapidILL_BOOK</setSpec><setSpec>uge_abbat_RapidILL_BOOK</setSpec><setSpec>UNIGE_ALL</setSpec><setSpec>uge_aobs_RapidILL_BOOK</setSpec><setSpec>uge_acar_RapidILL_BOOK</setSpec></header><metadata>
<record xmlns="http://www.loc.gov/MARC21/slim" xmlns:xsi="http://www.w3.org/2001/XMLSchema-instance" xsi:schemaLocation="http://www.loc.gov/MARC21/slim http://www.loc.gov/standards/marcxml/schema/MARC21slim.xsd"><leader>01572nam a2200433 c 4500</leader><controlfield tag="001">991000017849705502</controlfield><controlfield tag="005">20240912185211.0</controlfield><controlfield tag="008">201011s1997    gw ||||| |||| 00| ||spa d</controlfield><datafield ind1=" " ind2=" " tag="020"><subfield code="a">3931887022</subfield></datafield><datafield ind1=" " ind2=" " tag="035"><subfield code="a">(swissbib)221412069-41slsp_network</subfield></datafield><datafield ind1=" " ind2=" " tag="035"><subfield code="a">221412069</subfield><subfield code="9">ExL</subfield></datafield><datafield ind1=" " ind2=" " tag="035"><subfield code="a">(RERO)R003663401-41slsp</subfield></datafield><datafield ind1=" " ind2=" " tag="035"><subfield code="a">(NEBIS)001827768EBI01</subfield></datafield><datafield ind1=" " ind2=" " tag="035"><subfield code="a">(IDSBB)001452285DSV01</subfield></datafield><datafield ind1=" " ind2=" " tag="035"><subfield code="a">(EXLNZ-41SLSP_NETWORK)991001810159705501</subfield></datafield><datafield ind1=" " ind2=" " tag="040"><subfield code="a">RERO geules</subfield><subfield code="d">CH-ZuSLS</subfield></datafield><datafield ind1=" " ind2="7" tag="072"><subfield code="a">es</subfield><subfield code="2">rero</subfield></datafield><datafield ind1=" " ind2="7" tag="072"><subfield code="a">ir</subfield><subfield code="2">SzZuIDS BS/BE</subfield></datafield><datafield ind1="0" ind2="0" tag="082"><subfield code="a">862/.3</subfield><subfield code="2">21</subfield></datafield><datafield ind1=" " ind2=" " tag="084"><subfield code="a">IO 2782</subfield><subfield code="2">rvk</subfield></datafield><datafield ind1=" " ind2=" " tag="084"><subfield code="a">IO 6900</subfield><subfield code="2">rvk</subfield></datafield><datafield ind1="1" ind2=" " tag="100"><subfield code="a">Arboreda, Alejandro</subfield><subfield code="d">1650-1698</subfield><subfield code="0">(DE-588)119047187</subfield><subfield code="6">880-01</subfield></datafield><datafield ind1="1" ind2=" " tag="880"><subfield code="a">Arboreda, Alejandro</subfield><subfield code="0">(RERO)A005165098</subfield><subfield code="4">cre</subfield><subfield code="6">100-01</subfield></datafield><datafield ind1="1" ind2="0" tag="245"><subfield code="a">&lt;&lt;El&gt;&gt; más divino remedio y Aurora de San Ginés</subfield><subfield code="b">dos versiones</subfield><subfield code="c">Alejandro Arboreda ; introd., ed. y notas de Pasqual Mas i Usó</subfield></datafield><datafield ind1=" " ind2="1" tag="264"><subfield code="a">Kassel</subfield><subfield code="b">Reichenberger</subfield><subfield code="c">1997</subfield></datafield><datafield ind1=" " ind2=" " tag="300"><subfield code="a">264 p.</subfield><subfield code="c">24 cm</subfield></datafield><datafield ind1=" " ind2=" " tag="336"><subfield code="b">txt</subfield><subfield code="2">rdacontent</subfield></datafield><datafield ind1=" " ind2=" " tag="337"><subfield code="b">n</subfield><subfield code="2">rdamedia</subfield></datafield><datafield ind1=" " ind2=" " tag="338"><subfield code="b">nc</subfield><subfield code="2">rdacarrier</subfield></datafield><datafield ind1="1" ind2=" " tag="490"><subfield code="a">Teatro del siglo de oro. Ediciones críticas</subfield><subfield code="v">83</subfield></datafield><datafield ind1="1" ind2="0" tag="600"><subfield code="a">Arboreda, Alejandro</subfield><subfield code="t">Aurora de San Gin</subfield></datafield><datafield ind1="1" ind2="0" tag="600"><subfield code="a">Arboreda, Alejandro</subfield><subfield code="t">Más divino remedio</subfield></datafield><datafield ind1=" " ind2="7" tag="650"><subfield code="a">Komödie</subfield><subfield code="2">idszbz</subfield></datafield><datafield ind1=" " ind2="7" tag="650"><subfield code="a">Spanisch</subfield><subfield code="2">idszbz</subfield></datafield><datafield ind1=" " ind2="7" tag="655"><subfield code="a">Ausgabe</subfield><subfield code="2">idszbz</subfield></datafield><datafield ind1="1" ind2=" " tag="700"><subfield code="a">Mas Usó, Pasqual</subfield></datafield><datafield ind1="1" ind2=" " tag="700"><subfield code="a">Mas i Usó, Pasqual</subfield><subfield code="d">1961-</subfield><subfield code="0">(DE-588)120311127</subfield><subfield code="6">880-02</subfield></datafield><datafield ind1="1" ind2=" " tag="880"><subfield code="6">700-02</subfield><subfield code="a">Mas i Usó, Pasqual</subfield><subfield code="d">1961-</subfield><subfield code="0">(IDREF)032061676</subfield></datafield><datafield ind1=" " ind2="0" tag="830"><subfield code="a">Teatro del siglo de oro</subfield><subfield code="p">Ediciones críticas</subfield><subfield code="v">83</subfield><subfield code="w">(RERO)0589051-41slsp</subfield></datafield><datafield ind1=" " ind2=" " tag="900"><subfield code="a">REROnoselfmerge</subfield></datafield><datafield ind1=" " ind2=" " tag="993"><subfield code="a">BFLA 32536/83</subfield><subfield code="x">ge/ules/a/01/445</subfield><subfield code="9">LOCAL</subfield></datafield></record>
</metadata></record>