<record><header><identifier>oai:alma.41SLSP_UGE:991000018369705502</identifier><datestamp>2023-03-01T01:09:20Z</datestamp><setSpec>uge_bcen_RapidILL_BOOK</setSpec><setSpec>uge_aaca_RapidILL_BOOK</setSpec><setSpec>uge_abels_RapidILL_BOOK</setSpec><setSpec>uge_dbu_RapidILL_BOOK</setSpec><setSpec>uge_cmu_RapidILL_BOOK</setSpec><setSpec>uge_mail_RapidILL_BOOK</setSpec><setSpec>UNIGE_ALL</setSpec><setSpec>uge_abbat_RapidILL_BOOK</setSpec><setSpec>uge_aobs_RapidILL_BOOK</setSpec><setSpec>uge_acar_RapidILL_BOOK</setSpec></header><metadata>
<record xmlns="http://www.loc.gov/MARC21/slim" xmlns:xsi="http://www.w3.org/2001/XMLSchema-instance" xsi:schemaLocation="http://www.loc.gov/MARC21/slim http://www.loc.gov/standards/marcxml/schema/MARC21slim.xsd"><leader>02137nam a2200553 c 4500</leader><controlfield tag="001">991000018369705502</controlfield><controlfield tag="005">20230119204312.0</controlfield><controlfield tag="008">201011s1977    gw ||||| |||| 00| ||ger d</controlfield><datafield ind1=" " ind2=" " tag="020"><subfield code="a">3492004504</subfield></datafield><datafield ind1=" " ind2=" " tag="035"><subfield code="a">(swissbib)225270072-41slsp_network</subfield></datafield><datafield ind1=" " ind2=" " tag="035"><subfield code="a">225270072</subfield><subfield code="9">ExL</subfield></datafield><datafield ind1=" " ind2=" " tag="035"><subfield code="a">(RERO)1390196-41slsp</subfield></datafield><datafield ind1=" " ind2=" " tag="035"><subfield code="a">(NEBIS)000230131EBI01</subfield></datafield><datafield ind1=" " ind2=" " tag="035"><subfield code="a">(EXLNZ-41SLSP_NETWORK)991050177969705501</subfield></datafield><datafield ind1=" " ind2=" " tag="040"><subfield code="a">RERO geulph</subfield><subfield code="d">CH-ZuSLS</subfield></datafield><datafield ind1=" " ind2="7" tag="072"><subfield code="a">ph</subfield><subfield code="2">rero</subfield></datafield><datafield ind1="0" ind2="4" tag="082"><subfield code="a">193</subfield></datafield><datafield ind1="1" ind2=" " tag="100"><subfield code="a">Jaspers, Karl</subfield><subfield code="d">1883-1969</subfield><subfield code="0">(DE-588)118557106</subfield><subfield code="6">880-01</subfield></datafield><datafield ind1="1" ind2=" " tag="880"><subfield code="6">100-01</subfield><subfield code="a">Jaspers, Karl</subfield><subfield code="d">1883-1969</subfield><subfield code="0">(IDREF)026935996</subfield><subfield code="4">cre</subfield></datafield><datafield ind1="1" ind2="0" tag="245"><subfield code="a">Philosophische Autobiographie</subfield><subfield code="c">Karl Jaspers</subfield></datafield><datafield ind1=" " ind2=" " tag="250"><subfield code="a">erw.Neuausgabe</subfield></datafield><datafield ind1=" " ind2="1" tag="264"><subfield code="a">München</subfield><subfield code="b">R. Piper</subfield><subfield code="c">[1977]</subfield></datafield><datafield ind1=" " ind2="4" tag="264"><subfield code="c">© 1977</subfield></datafield><datafield ind1=" " ind2=" " tag="300"><subfield code="a">136 S.</subfield><subfield code="c">19 cm</subfield><subfield code="e">(mit dem Kapitel über Martin Heidegger)</subfield></datafield><datafield ind1=" " ind2=" " tag="336"><subfield code="b">txt</subfield><subfield code="2">rdacontent</subfield></datafield><datafield ind1=" " ind2=" " tag="337"><subfield code="b">n</subfield><subfield code="2">rdamedia</subfield></datafield><datafield ind1=" " ind2=" " tag="338"><subfield code="b">nc</subfield><subfield code="2">rdacarrier</subfield></datafield><datafield ind1="1" ind2=" " tag="490"><subfield code="a">Serie Piper</subfield><subfield code="v">Bd. 150</subfield></datafield><datafield ind1="1" ind2=" " tag="490"><subfield code="a">Serie Pipe</subfield><subfield code="v">[150]</subfield></datafield><datafield ind1="0" ind2=" " tag="505"><subfield code="a">[Enthält u.a.: ](mit dem Kapitel über Martin Heidegger)</subfield></datafield><datafield ind1="1" ind2="7" tag="600"><subfield code="a">Jaspers, Karl</subfield><subfield code="d">1883-1969</subfield><subfield code="0">(IDREF)026935996</subfield><subfield code="2">idref</subfield></datafield><datafield ind1="1" ind2="7" tag="600"><subfield code="a">Heidegger, Martin</subfield><subfield code="d">1889-1976</subfield><subfield code="0">(DE-588)118547798</subfield><subfield code="2">gnd</subfield></datafield><datafield ind1="1" ind2="7" tag="600"><subfield code="a">Jaspers, Karl</subfield><subfield code="d">1883-1969</subfield><subfield code="0">(DE-588)118557106</subfield><subfield code="2">gnd</subfield></datafield><datafield ind1="1" ind2="0" tag="600"><subfield code="a">Jaspers, Karl</subfield><subfield code="d">1883-1969</subfield></datafield><datafield ind1=" " ind2="7" tag="650"><subfield code="a">Philosophie</subfield><subfield code="0">(IDREF)027295206</subfield><subfield code="2">idref</subfield></datafield><datafield ind1=" " ind2="7" tag="650"><subfield code="a">Autobiografie</subfield><subfield code="0">(DE-588)4003939-0</subfield><subfield code="2">gnd</subfield></datafield><datafield ind1=" " ind2="0" tag="650"><subfield code="a">Lebenserinnerungen</subfield></datafield><datafield ind1=" " ind2="0" tag="650"><subfield code="a">Philosophers</subfield><subfield code="z">Germany</subfield><subfield code="v">Biography</subfield></datafield><datafield ind1=" " ind2="0" tag="650"><subfield code="a">Philosophers</subfield><subfield code="z">Germany (West)</subfield><subfield code="v">Biography</subfield></datafield><datafield ind1=" " ind2="0" tag="650"><subfield code="a">Philosophie</subfield></datafield><datafield ind1=" " ind2="7" tag="650"><subfield code="a">AUTOBIOGRAPHIEN + SELBSTZEUGNISSE</subfield><subfield code="9">ger</subfield><subfield code="0">(ETHUDK)000036790</subfield><subfield code="2">ethudk</subfield></datafield><datafield ind1=" " ind2="7" tag="650"><subfield code="a">BUNDESREPUBLIK DEUTSCHLAND (1945-1990)</subfield><subfield code="9">ger</subfield><subfield code="0">(ETHUDK)000001837</subfield><subfield code="2">ethudk</subfield></datafield><datafield ind1=" " ind2="7" tag="650"><subfield code="a">EXISTENTIALISMUS (PHILOSOPHISCHE SYSTEME)</subfield><subfield code="9">ger</subfield><subfield code="0">(ETHUDK)000009466</subfield><subfield code="2">ethudk</subfield></datafield><datafield ind1=" " ind2="7" tag="650"><subfield code="a">PHILOSOPHIE</subfield><subfield code="9">ger</subfield><subfield code="0">(ETHUDK)000009365</subfield><subfield code="2">ethudk</subfield></datafield><datafield ind1=" " ind2="7" tag="650"><subfield code="a">&quot;1883/1969&quot;</subfield><subfield code="2">ethudk</subfield></datafield><datafield ind1=" " ind2="7" tag="655"><subfield code="a">Biographie</subfield><subfield code="0">(IDREF)027281558</subfield><subfield code="2">idref</subfield></datafield><datafield ind1=" " ind2=" " tag="690"><subfield code="a">Jaspers, Karl</subfield><subfield code="2">uzb-Z9</subfield></datafield><datafield ind1=" " ind2=" " tag="830"><subfield code="a">Serie Piper</subfield><subfield code="v">150</subfield><subfield code="w">(RERO)0338250-41slsp</subfield></datafield><datafield ind1=" " ind2=" " tag="830"><subfield code="a">Serie Piper</subfield><subfield code="v">150</subfield><subfield code="w">(NEBIS)000058211EBI01</subfield></datafield><datafield ind1=" " ind2=" " tag="900"><subfield code="a">REROnoselfmerge</subfield></datafield></record>
</metadata></record>