<record><header><identifier>oai:alma.41SLSP_UGE:991000018469705502</identifier><datestamp>2024-09-21T00:24:07Z</datestamp><setSpec>uge_bcen_RapidILL_BOOK</setSpec><setSpec>uge_aaca_RapidILL_BOOK</setSpec><setSpec>uge_abels_RapidILL_BOOK</setSpec><setSpec>uge_dbu_RapidILL_BOOK</setSpec><setSpec>uge_cmu_RapidILL_BOOK</setSpec><setSpec>uge_mail_RapidILL_BOOK</setSpec><setSpec>uge_abbat_RapidILL_BOOK</setSpec><setSpec>UNIGE_ALL</setSpec><setSpec>uge_acar_RapidILL_BOOK</setSpec><setSpec>uge_aobs_RapidILL_BOOK</setSpec></header><metadata>
<record xmlns="http://www.loc.gov/MARC21/slim" xmlns:xsi="http://www.w3.org/2001/XMLSchema-instance" xsi:schemaLocation="http://www.loc.gov/MARC21/slim http://www.loc.gov/standards/marcxml/schema/MARC21slim.xsd"><leader>02156nam a2200481 c 4500</leader><controlfield tag="001">991000018469705502</controlfield><controlfield tag="005">20240920192955.0</controlfield><controlfield tag="008">201011s2005    sz ||||| m||| 00| ||fre d</controlfield><datafield ind1=" " ind2=" " tag="019"><subfield code="a">Catalogage: décrit l'ex. commercial avec mention de thèse</subfield><subfield code="5">RERO/29.11.2006/geusst</subfield></datafield><datafield ind1=" " ind2=" " tag="020"><subfield code="a">2940153558</subfield></datafield><datafield ind1=" " ind2=" " tag="035"><subfield code="a">(swissbib)222156538-41slsp_network</subfield></datafield><datafield ind1=" " ind2=" " tag="035"><subfield code="a">222156538</subfield><subfield code="9">ExL</subfield></datafield><datafield ind1=" " ind2=" " tag="035"><subfield code="a">(RERO)R004280582-41slsp</subfield></datafield><datafield ind1=" " ind2=" " tag="035"><subfield code="a">(NEBIS)005188215EBI01</subfield></datafield><datafield ind1=" " ind2=" " tag="035"><subfield code="a">(IDSBB)003854428DSV01</subfield></datafield><datafield ind1=" " ind2=" " tag="035"><subfield code="a">(EXLNZ-41SLSP_NETWORK)991050538779705501</subfield></datafield><datafield ind1=" " ind2=" " tag="040"><subfield code="a">RERO geusst</subfield><subfield code="d">CH-ZuSLS</subfield></datafield><datafield ind1=" " ind2=" " tag="044"><subfield code="a">sz</subfield><subfield code="c">ch-ge</subfield></datafield><datafield ind1=" " ind2="7" tag="072"><subfield code="a">st</subfield><subfield code="2">rero</subfield></datafield><datafield ind1=" " ind2="7" tag="072"><subfield code="a">ge</subfield><subfield code="2">SzZuIDS BS/BE</subfield></datafield><datafield ind1="1" ind2=" " tag="100"><subfield code="a">Clerc, Corinne</subfield><subfield code="0">(RERO)A003111141</subfield><subfield code="4">cre</subfield></datafield><datafield ind1="1" ind2="0" tag="245"><subfield code="a">&lt;&lt;Les&gt;&gt; Miliolina (foraminifères porcelanés) du Dogger du Jura méridional (France)</subfield><subfield code="b">systématique, stratigraphie et paléoenvironnement</subfield><subfield code="c">Corinne Clerc</subfield></datafield><datafield ind1=" " ind2="1" tag="264"><subfield code="a">Genève</subfield><subfield code="b">[éditeur non identifié]</subfield><subfield code="c">2005</subfield></datafield><datafield ind1=" " ind2="3" tag="264"><subfield code="a">Genève</subfield><subfield code="b">Atelier de reprod. de la Section de physique</subfield></datafield><datafield ind1=" " ind2=" " tag="300"><subfield code="a">250 p.</subfield><subfield code="b">ill.</subfield><subfield code="c">30 cm</subfield></datafield><datafield ind1=" " ind2=" " tag="336"><subfield code="b">txt</subfield><subfield code="2">rdacontent</subfield></datafield><datafield ind1=" " ind2=" " tag="337"><subfield code="b">n</subfield><subfield code="2">rdamedia</subfield></datafield><datafield ind1=" " ind2=" " tag="338"><subfield code="b">nc</subfield><subfield code="2">rdacarrier</subfield></datafield><datafield ind1="1" ind2=" " tag="490"><subfield code="a">Terre et environnement</subfield><subfield code="v">vol. 56</subfield></datafield><datafield ind1=" " ind2=" " tag="502"><subfield code="a">Thèse Université de Genève, Département de Géologie et Paléontologie, No. 3599, 2005</subfield></datafield><datafield ind1=" " ind2=" " tag="504"><subfield code="a">Bibliogr.: pp. 126-141</subfield></datafield><datafield ind1=" " ind2=" " tag="508"><subfield code="a">Directeur de thèse: Professeur Roland Wernli</subfield></datafield><datafield ind1=" " ind2="7" tag="650"><subfield code="a">Dogger</subfield><subfield code="0">(IDREF)030810655</subfield><subfield code="2">idref</subfield></datafield><datafield ind1=" " ind2="7" tag="650"><subfield code="a">Foraminifères</subfield><subfield code="0">(IDREF)027226255</subfield><subfield code="2">idref</subfield></datafield><datafield ind1=" " ind2="7" tag="650"><subfield code="a">DOGGER, MITTLERER JURA (STRATIGRAPHIE)</subfield><subfield code="9">ger</subfield><subfield code="0">(ETHUDK)000020487</subfield><subfield code="2">ethudk</subfield></datafield><datafield ind1=" " ind2="7" tag="650"><subfield code="a">FORAMINIFERA (PALÄOZOOLOGIE)</subfield><subfield code="9">ger</subfield><subfield code="0">(ETHUDK)000020963</subfield><subfield code="2">ethudk</subfield></datafield><datafield ind1=" " ind2="7" tag="650"><subfield code="a">FRANZÖSISCHER JURA (JURAGEBIRGE)</subfield><subfield code="9">ger</subfield><subfield code="0">(ETHUDK)000000690</subfield><subfield code="2">ethudk</subfield></datafield><datafield ind1=" " ind2="7" tag="650"><subfield code="a">MILIOLIDA (PALÄOZOOLOGIE)</subfield><subfield code="9">ger</subfield><subfield code="0">(ETHUDK)000052299</subfield><subfield code="2">ethudk</subfield></datafield><datafield ind1=" " ind2="7" tag="650"><subfield code="a">PALÄOGEOGRAPHIE</subfield><subfield code="9">ger</subfield><subfield code="0">(ETHUDK)000020517</subfield><subfield code="2">ethudk</subfield></datafield><datafield ind1=" " ind2="7" tag="650"><subfield code="a">PALÄOÖKOLOGIE (PALÄOGEOGRAPHIE)</subfield><subfield code="9">ger</subfield><subfield code="0">(ETHUDK)000038868</subfield><subfield code="2">ethudk</subfield></datafield><datafield ind1=" " ind2="7" tag="651"><subfield code="a">Jura (chaîne) - France - sud</subfield><subfield code="0">(RERO)A010102038</subfield><subfield code="2">rero</subfield></datafield><datafield ind1=" " ind2="7" tag="655"><subfield code="a">Hochschulschrift</subfield><subfield code="2">gnd-content</subfield></datafield><datafield ind1=" " ind2=" " tag="830"><subfield code="a">Terre &amp; environnement</subfield><subfield code="v">56</subfield><subfield code="w">(RERO)2116597-41slsp</subfield></datafield><datafield ind1=" " ind2=" " tag="900"><subfield code="a">REROnoselfmerge</subfield></datafield></record>
</metadata></record>