<record><header><identifier>oai:alma.41SLSP_UGE:991000018049705502</identifier><datestamp>2024-01-18T01:26:47Z</datestamp><setSpec>uge_bcen_RapidILL_BOOK</setSpec><setSpec>uge_aaca_RapidILL_BOOK</setSpec><setSpec>uge_abels_RapidILL_BOOK</setSpec><setSpec>uge_dbu_RapidILL_BOOK</setSpec><setSpec>uge_cmu_RapidILL_BOOK</setSpec><setSpec>uge_mail_RapidILL_BOOK</setSpec><setSpec>uge_abbat_RapidILL_BOOK</setSpec><setSpec>UNIGE_ALL</setSpec><setSpec>uge_acar_RapidILL_BOOK</setSpec><setSpec>uge_aobs_RapidILL_BOOK</setSpec></header><metadata>
<record xmlns="http://www.loc.gov/MARC21/slim" xmlns:xsi="http://www.w3.org/2001/XMLSchema-instance" xsi:schemaLocation="http://www.loc.gov/MARC21/slim http://www.loc.gov/standards/marcxml/schema/MARC21slim.xsd"><leader>02255nam a2200553 c 4500</leader><controlfield tag="001">991000018049705502</controlfield><controlfield tag="005">20240117185242.0</controlfield><controlfield tag="008">200612t20192019mau||||| |||| 10| ||eng d</controlfield><datafield ind1=" " ind2=" " tag="020"><subfield code="a">9780674246287</subfield><subfield code="q">paperback</subfield></datafield><datafield ind1=" " ind2=" " tag="035"><subfield code="a">(swissbib)126544212-41slsp_network</subfield></datafield><datafield ind1=" " ind2=" " tag="035"><subfield code="a">126544212</subfield><subfield code="9">ExL</subfield></datafield><datafield ind1=" " ind2=" " tag="035"><subfield code="a">(RERO)R009050303-41slsp</subfield></datafield><datafield ind1=" " ind2=" " tag="035"><subfield code="a">(EXLNZ-41SLSP_NETWORK)991024131009705501</subfield></datafield><datafield ind1=" " ind2=" " tag="040"><subfield code="a">RERO geulhg</subfield><subfield code="b">eng</subfield><subfield code="e">rda</subfield><subfield code="d">CH-ZuSLS</subfield></datafield><datafield ind1="0" ind2=" " tag="041"><subfield code="a">eng</subfield></datafield><datafield ind1=" " ind2="7" tag="072"><subfield code="a">ht</subfield><subfield code="2">rero</subfield></datafield><datafield ind1=" " ind2="7" tag="072"><subfield code="a">th</subfield><subfield code="2">rero</subfield></datafield><datafield ind1="7" ind2="4" tag="082"><subfield code="a">230</subfield><subfield code="2">23sdnb</subfield></datafield><datafield ind1="7" ind2="4" tag="082"><subfield code="a">940</subfield><subfield code="2">23sdnb</subfield></datafield><datafield ind1=" " ind2=" " tag="084"><subfield code="a">BG 9150</subfield><subfield code="2">rvk</subfield></datafield><datafield ind1="1" ind2=" " tag="100"><subfield code="6">880-01</subfield><subfield code="a">Wolff, Larry</subfield><subfield code="d">1957-....</subfield><subfield code="0">(IDREF)064814432</subfield><subfield code="4">aut</subfield></datafield><datafield ind1="1" ind2=" " tag="880"><subfield code="6">100-01/(B</subfield><subfield code="a">Wolff, Larry</subfield><subfield code="d">1957-</subfield><subfield code="4">aut</subfield><subfield code="0">(DE-588)101528826X</subfield></datafield><datafield ind1="1" ind2="0" tag="245"><subfield code="a">Disunion within the Union</subfield><subfield code="b">the Uniate Church and the partitions of Poland</subfield><subfield code="c">Larry Wolff</subfield></datafield><datafield ind1=" " ind2="1" tag="264"><subfield code="a">Cambridge, Massachusetts</subfield><subfield code="b">Ukrainian Research Institute, Harvard University</subfield><subfield code="c">[2019]</subfield></datafield><datafield ind1=" " ind2="4" tag="264"><subfield code="c">© 2019</subfield></datafield><datafield ind1=" " ind2=" " tag="300"><subfield code="a">152 pages</subfield><subfield code="c">23 cm</subfield></datafield><datafield ind1=" " ind2=" " tag="336"><subfield code="b">txt</subfield><subfield code="2">rdacontent</subfield></datafield><datafield ind1=" " ind2=" " tag="337"><subfield code="b">n</subfield><subfield code="2">rdamedia</subfield></datafield><datafield ind1=" " ind2=" " tag="338"><subfield code="b">nc</subfield><subfield code="2">rdacarrier</subfield></datafield><datafield ind1="1" ind2=" " tag="490"><subfield code="a">Harvard papers in Ukrainian studies</subfield></datafield><datafield ind1=" " ind2="7" tag="650"><subfield code="a">Églises catholiques de rite oriental</subfield><subfield code="0">(IDREF)027854515</subfield><subfield code="2">idref</subfield></datafield><datafield ind1=" " ind2="7" tag="650"><subfield code="a">18e siècle (fin)</subfield><subfield code="0">(RERO)A022441772</subfield><subfield code="2">rero</subfield></datafield><datafield ind1=" " ind2="7" tag="651"><subfield code="a">Pologne - partition</subfield><subfield code="0">(RERO)A010194655</subfield><subfield code="2">rero</subfield></datafield><datafield ind1=" " ind2="7" tag="651"><subfield code="a">Polen</subfield><subfield code="2">gnd</subfield><subfield code="0">(DE-588)4046496-9</subfield></datafield><datafield ind1=" " ind2="7" tag="650"><subfield code="a">Unierte Ostkirchen</subfield><subfield code="2">gnd</subfield><subfield code="0">(DE-588)4186892-4</subfield></datafield><datafield ind1=" " ind2="7" tag="650"><subfield code="a">Erste Teilung Polens</subfield><subfield code="2">gnd</subfield><subfield code="0">(DE-588)4175067-6</subfield></datafield><datafield ind1=" " ind2="7" tag="650"><subfield code="a">Zweite Teilung Polens</subfield><subfield code="2">gnd</subfield><subfield code="0">(DE-588)4175068-8</subfield></datafield><datafield ind1=" " ind2="7" tag="650"><subfield code="a">Dritte Teilung Polens</subfield><subfield code="2">gnd</subfield><subfield code="0">(DE-588)4175070-6</subfield></datafield><datafield ind1=" " ind2="7" tag="648"><subfield code="a">Geschichte 1772-1795</subfield><subfield code="2">gnd</subfield></datafield><datafield ind1=" " ind2="7" tag="650"><subfield code="a">Griechisch-Katholische Kirche</subfield><subfield code="2">gnd</subfield><subfield code="0">(DE-588)4288233-3</subfield></datafield><datafield ind1="1" ind2=" " tag="710"><subfield code="a">Harvard Ukrainian Research Institute</subfield><subfield code="4">isb</subfield><subfield code="0">(DE-588)1046727-0</subfield></datafield><datafield ind1="0" ind2="8" tag="776"><subfield code="i">ePub version</subfield><subfield code="z">9780674246393</subfield></datafield><datafield ind1="0" ind2="8" tag="776"><subfield code="i">mobi version</subfield><subfield code="z">9780674246409</subfield></datafield><datafield ind1="0" ind2="8" tag="776"><subfield code="i">ePDF version</subfield><subfield code="z">9780674246416</subfield></datafield><datafield ind1=" " ind2=" " tag="830"><subfield code="a">Harvard papers in Ukrainian Studies</subfield><subfield code="w">(RERO)R263682260-41slsp</subfield></datafield><datafield ind1="4" ind2="2" tag="856"><subfield code="3">Titelblatt und Inhaltsverzeichnis</subfield><subfield code="q">PDF</subfield><subfield code="u">https://urn.ub.unibe.ch/urn:ch:slsp:9780674246287:ihv:pdf</subfield></datafield><datafield ind1=" " ind2=" " tag="900"><subfield code="a">REROnoselfmerge</subfield></datafield><datafield ind1=" " ind2=" " tag="900"><subfield code="a">OK_GND</subfield><subfield code="x">UZB/Z01/202210/schu</subfield></datafield><datafield ind1=" " ind2=" " tag="900"><subfield code="a">Stoppsignal FRED</subfield><subfield code="x">UZB/Z01/202210</subfield></datafield><datafield ind1=" " ind2=" " tag="949"><subfield code="a">https://urn.ub.unibe.ch/urn:ch:slsp:9780674246287:ihv:pdf</subfield></datafield></record>
</metadata></record>