<record><header><identifier>oai:alma.41SLSP_UGE:991000017529705502</identifier><datestamp>2023-04-08T00:19:39Z</datestamp><setSpec>uge_bcen_RapidILL_BOOK</setSpec><setSpec>uge_aaca_RapidILL_BOOK</setSpec><setSpec>uge_abels_RapidILL_BOOK</setSpec><setSpec>uge_dbu_RapidILL_BOOK</setSpec><setSpec>uge_cmu_RapidILL_BOOK</setSpec><setSpec>uge_mail_RapidILL_BOOK</setSpec><setSpec>uge_abbat_RapidILL_BOOK</setSpec><setSpec>UNIGE_ALL</setSpec><setSpec>uge_acar_RapidILL_BOOK</setSpec><setSpec>uge_aobs_RapidILL_BOOK</setSpec></header><metadata>
<record xmlns="http://www.loc.gov/MARC21/slim" xmlns:xsi="http://www.w3.org/2001/XMLSchema-instance" xsi:schemaLocation="http://www.loc.gov/MARC21/slim http://www.loc.gov/standards/marcxml/schema/MARC21slim.xsd"><leader>10299nam a2200673 c 4500</leader><controlfield tag="001">991000017529705502</controlfield><controlfield tag="005">20230407144303.0</controlfield><controlfield tag="008">201012s2009    gw ||||| |||| 00| ||ger d</controlfield><datafield ind1=" " ind2=" " tag="015"><subfield code="a">GFR-DNB-09,A19,0683</subfield></datafield><datafield ind1=" " ind2=" " tag="020"><subfield code="a">9783428129478</subfield><subfield code="q">pbk.</subfield><subfield code="c">EUR 49.40</subfield></datafield><datafield ind1=" " ind2=" " tag="035"><subfield code="a">(swissbib)241316790-41slsp_network</subfield></datafield><datafield ind1=" " ind2=" " tag="035"><subfield code="a">241316790</subfield><subfield code="9">ExL</subfield></datafield><datafield ind1=" " ind2=" " tag="035"><subfield code="a">(RERO)R006048283-41slsp</subfield></datafield><datafield ind1=" " ind2=" " tag="035"><subfield code="a">(NEBIS)005859520EBI01</subfield></datafield><datafield ind1=" " ind2=" " tag="035"><subfield code="a">(IDSLU)000601273ILU01</subfield></datafield><datafield ind1=" " ind2=" " tag="035"><subfield code="a">(IDSSG)000483831HSB01</subfield></datafield><datafield ind1=" " ind2=" " tag="035"><subfield code="a">(IDSBB)004819888DSV01</subfield></datafield><datafield ind1=" " ind2=" " tag="035"><subfield code="a">(EXLNZ-41SLSP_NETWORK)991101271419705501</subfield></datafield><datafield ind1=" " ind2=" " tag="040"><subfield code="a">RERO geubfd</subfield><subfield code="d">CH-ZuSLS</subfield></datafield><datafield ind1=" " ind2="7" tag="072"><subfield code="a">dr</subfield><subfield code="2">rero</subfield></datafield><datafield ind1=" " ind2="7" tag="072"><subfield code="a">811</subfield><subfield code="2">IDS LU</subfield></datafield><datafield ind1=" " ind2="7" tag="072"><subfield code="a">rw</subfield><subfield code="2">SzZuIDS BS/BE</subfield></datafield><datafield ind1="1" ind2="4" tag="082"><subfield code="a">340</subfield><subfield code="2">15</subfield></datafield><datafield ind1=" " ind2=" " tag="084"><subfield code="a">D 20 h</subfield><subfield code="2">cjurrom</subfield></datafield><datafield ind1=" " ind2=" " tag="084"><subfield code="a">PR 2400</subfield><subfield code="2">rvk</subfield></datafield><datafield ind1="1" ind2=" " tag="100"><subfield code="a">Ullrich, Gerhard</subfield><subfield code="0">(IDREF)228468124</subfield><subfield code="4">cre</subfield></datafield><datafield ind1="1" ind2="0" tag="245"><subfield code="a">&lt;&lt;Das&gt;&gt; Dienstrecht der Internationalen Organisationen</subfield><subfield code="b">institutionelles Völkerrecht, Recht und Praxis</subfield><subfield code="c">Gerhard Ullrich</subfield></datafield><datafield ind1=" " ind2="1" tag="264"><subfield code="a">Berlin</subfield><subfield code="b">Duncker &amp; Humblot</subfield><subfield code="c">2009</subfield></datafield><datafield ind1=" " ind2=" " tag="300"><subfield code="a">452 S.</subfield><subfield code="c">24 cm</subfield></datafield><datafield ind1=" " ind2=" " tag="336"><subfield code="b">txt</subfield><subfield code="2">rdacontent</subfield></datafield><datafield ind1=" " ind2=" " tag="337"><subfield code="b">n</subfield><subfield code="2">rdamedia</subfield></datafield><datafield ind1=" " ind2=" " tag="338"><subfield code="b">nc</subfield><subfield code="2">rdacarrier</subfield></datafield><datafield ind1=" " ind2=" " tag="500"><subfield code="a">Literaturverz. S. 435 - 444</subfield></datafield><datafield ind1=" " ind2=" " tag="504"><subfield code="a">Bibliogr.</subfield></datafield><datafield ind1=" " ind2="7" tag="650"><subfield code="a">Droit international</subfield><subfield code="0">(IDREF)050627597</subfield><subfield code="2">idref</subfield></datafield><datafield ind1=" " ind2="7" tag="650"><subfield code="a">Emploi</subfield><subfield code="0">(IDREF)028397673</subfield><subfield code="2">idref</subfield></datafield><datafield ind1=" " ind2="7" tag="650"><subfield code="a">Organisations internationales</subfield><subfield code="0">(IDREF)027356191</subfield><subfield code="2">idref</subfield></datafield><datafield ind1=" " ind2="7" tag="650"><subfield code="a">Fonctionnaires internationaux</subfield><subfield code="0">(IDREF)02783896X</subfield><subfield code="2">idref</subfield></datafield><datafield ind1=" " ind2="7" tag="650"><subfield code="a">Internationale Organisation</subfield><subfield code="2">idszbz</subfield></datafield><datafield ind1=" " ind2="7" tag="650"><subfield code="a">Dienstrecht</subfield><subfield code="2">idszbz</subfield></datafield><datafield ind1=" " ind2="7" tag="650"><subfield code="a">Völkerrecht</subfield><subfield code="2">idszbz</subfield></datafield><datafield ind1=" " ind2="7" tag="650"><subfield code="a">Internationales Dienstrecht</subfield><subfield code="0">(DE-588)4128344-2</subfield><subfield code="2">gnd</subfield></datafield><datafield ind1=" " ind2="7" tag="650"><subfield code="a">Internationale Organisation</subfield><subfield code="0">(DE-588)4027366-0</subfield><subfield code="2">gnd</subfield></datafield><datafield ind1=" " ind2="7" tag="650"><subfield code="a">Dienstrecht</subfield><subfield code="0">(DE-588)4113306-7</subfield><subfield code="2">gnd</subfield></datafield><datafield ind1=" " ind2="7" tag="650"><subfield code="a">Internationale Organisationen</subfield><subfield code="x">Arbeitsvertrag</subfield><subfield code="2">idsbb</subfield></datafield><datafield ind1=" " ind2="7" tag="650"><subfield code="a">Arbeitsvertrag</subfield><subfield code="x">Internationale Organisationen</subfield><subfield code="2">idsbb</subfield></datafield><datafield ind1=" " ind2="7" tag="650"><subfield code="a">Internationale Organisationen</subfield><subfield code="x">Arbeitsrecht</subfield><subfield code="2">idsbb</subfield></datafield><datafield ind1=" " ind2="7" tag="650"><subfield code="a">Arbeitsrecht</subfield><subfield code="x">Internationale Organisationen</subfield><subfield code="2">idsbb</subfield></datafield><datafield ind1=" " ind2=" " tag="690"><subfield code="a">Meinungsfreiheit; Garantie; Menschenrechte; Doppelbesteuerung; Rechtsprechung; Datenschutz; Entlassung; Verbot; Versicherungspflicht; internationale Gewerkschaft; Dienstbezug; Wehrdienst; Dienstunfähigkeit; Dienstalter; Rechtsschutz; Service; Gesundheitsschutz; Altersversorgung; Versorgungssystem; Beamte; Haftfestigkeit; Cc; Umwandlung; Verwaltungsgericht</subfield><subfield code="2">idssg-J</subfield></datafield><datafield ind1=" " ind2=" " tag="690"><subfield code="a">Dienstverhältnis; Versorgungsleistung; Schadensersatzanspruch; Vertrauensschutz; Anstellungsvertrag; Mitwirkungsrecht; Versorgungsanspruch; Beamtenverhältnis; Vollinvalidität; Amtshandlung; Antikumulierungsklausel; Ausgleichszulage; Auslegungsgrundsatz; Beförderungsverfahren; Einstellungsverfahren; Entlassungsabfindung; Ermessensausübung; Finanzierungsgarantie; Flemming-Grundsatz; Gehaltsentwicklung; Gleichbehandlung; Kapitalabfindung; Karriereentwicklung; Klagebefugnis; Kostenerstattung; Nicht-Erneuerung; Schadensersatzklage; Schutzrecht; Selbstbindung; Streikrecht; Subordination; Teilhabegarantie; Verwaltungsentscheidung; Verwaltungsverfahren; Wesensgehaltsgarantie; Beförderungsausschuss; Bereitschaftsdienst; Beschwerdeausschuss; Beschäftigungsverhältnis; Disziplinarausschuss; Entscheidungskompetenz; Funktionsgruppe; Haushaltszulage; Health-Care; Laufbahngruppe; Normenhierarchie; Personalstärke; Pflegebedürftigkeit; Probezeitverhältnis; Rahmengruppe; Rechtsnatur; Rechtssicherheit; Religionsfreiheit; Spitzenposition; Teilinvalidität; Vereinigungsfreiheit; Verhältnismäßigkeit; Vertragsverhältnis; Zahlungsmodalität; Adoptionsurlaub; Altersgrund; Auslandszulage; Besoldungsgruppe; Dienstaltersstufe; Dienstreisekosten; Erziehungszulage; Grundgehalt; Kapitalbetrag; Kinderzulage; Mietzulage; Schichtdienst; Sonderstatus; Sprachenzulage; Stellenzulage; Tatbestandsvoraussetzung; Anstellungsbehörde; Arbeitsort; Bedienstele; Begründungspflicht; Common-System; Dienstantritt; Dienstleistungspflicht; Dienstpflicht; Dienstrechtskreis; EPO-Pensionsreservefond; ESO-Pensionsfond; Elternurlaub; Gehaltsanpassungssystem; Gehaltstabelle; Heimatort; Heimaturlaub; Heimkehrbeihilfe; Herkunftsort; Informationspflicht; Internai; Invaliditätsgrund; Karriereschritt; Karrieresprung; Klagefrist; Konsultationspflicht; Krankheitsurlaub; Krisenfall; Legislativorgan; Nebenpflicht; Pensioner</subfield><subfield code="2">idssg-J</subfield></datafield><datafield ind1=" " ind2=" " tag="690"><subfield code="a">; Pensionsplan; Personalakt; Personalzahl; Personenkreis; Pflichtverletzung; Privatsphäre; Rechtskraft; Rechtsnachfolger; Rechtsquelle; Reisepass; Residenzpflicht; Rückwirkungsverbot; Sonderfall; Sonderurlaub; Sozialversicherungspflicht; Sozialversicherungssystem; Spitzenbeamter; Treuhandfond; Versorgungsfond; Vertragsbediensteter; Wareneinkauf</subfield><subfield code="2">idssg-J</subfield></datafield><datafield ind1=" " ind2=" " tag="690"><subfield code="a">abgeleiteter Rechtsgrundsatz; andere Maßnahme; ausgewählte Organisation; befristetes Dienstverhältnis; eigenständige Organisation; einzelne Organisation; großer Dienstrechtskreis; internationaler Dienst; materieller Schadensersatz; nicht-staatliche Organisation; objektiver Rechtsgrundsatz; sonstiges Privileg; sonstiger Rechtsgrundsatz; spezifischer Rechtsgrundsatz; wichtiges Verwaltungsgericht; administratives Tribunal; allgemeiner Rechtsgrundsatz; allgemeine Rechtstreue; allgemeine Schranke; allgemeine Struktur; allgemeine Zulässigkeitsvoraussetzung; amerikanischer Staat; anderes Mitwirkungsrecht; andere Organisation; andere Person; asiatische Entwicklungsbank; befristeter Anstellungsvertrag; berechtigte Person; berufliches Ansehen; beschränkte Gerichtsbarkeit; besondere Ableitung; besonderes Gewaltverhältnis; besondere Rechtsfrage; dauernde Dienstunfähigkeit; derivativer General; dienstliche Zulage; dienstrechtliche Maßnahme; dienstrechtlicher Schadensersatzanspruch; dienstrechtliche Stellung; dienstrechtliche Streitigkeit; disziplinarrechtliche Folge; dynamische Natur; ehemaliger Bediensteter; eheähnliche Partnerschaft; eigenes Sozialversicherungssystem; einstweiliger Rechtsschutz; einstweiliger Ruhestand; einzelne Versorgungsleistung; erfolgreicher Kandidat; erste Instanz; europäische Gemeinschaft; externer Stellenbewerber; faires Verfahren; familiärer Grund; finanzielle Leistung; fiskalisches Privileg; formelle Rechtskraft; further Privileges; gemeinsamer Pensionsfond; gerichtliche Natur; gewerbliches Schutzrecht; groß Rechtskreisc; großer Versorgungsfond; gute Verwaltung; haftungsrechtliche Folge; heterogener Dienstrechtskreis; hinterbliebene Versorgung; hohe Besoldungsgruppe; hohe Rahmengruppe; homogen Dienstrechtskieise; höherwertiger Dienst; immaterieller Schadensersatz; institutionelles Völkerrecht; interner Beschwerdeausschuss; internes Beschwerdeverfahren</subfield><subfield code="2">idssg-J</subfield></datafield><datafield ind1=" " ind2=" " tag="690"><subfield code="a">; internationale Arbeitsorganisation; internationaler Dienst; internationales Dienstrecht; internationaler Dienstrechtskreis; internationale Organisation; internationales Verwaltungsgericht; internationaler Währungsfond; jährliche Anpassung; klare Verständlichkeit; kollektives Recht; koordinierte Organisation; materiell Flaftungsrecht; materielle Rechtskraft; materieller Schadensersatz; nationale Besteuerung; nationale Sozialversicherungspflicht; normiertes Dienstrecht; normierte Schranke; objektiver Rechtsgrundsatz; personeller Geltungsbereich; persönlicher Grund; pflichtgemäße Ermessensausübung; rechtliches Gehör; rechtliche Grundlage; rechtliche Stellung; rechtliche Struktur; rechtsgrundlose Zahlung; räumlicher Geltungsbereich; schwerwiegender Missstand; sexuelle Belästigung; sonstige Bedürftigkeit; sonstige Kostenerstattung; sonstige Nebenpflicht; sonstige Person; sonstiges Privileg; sonstiger Rechter; sonstige Vergünstigung; sonstiges Vertragsverhältnis; soziale Sicherheit; soziales Sicherungssystem; spezifischer Rechtsgrundsatz; strafrechtliche Verantwortung; supranationale Organisation; typische Struktur; unbefristetes Dienstverhältnis; ungehindert Aufgabenerl; ungerechtfertigte Bereicherung; unmittelbare Klage; unternehmerisches Mitwirkungsrecht; verdeckte Disziplinarmaßnahme; vereinte Nation; vertragliches Dienstverhältnis; vorgelagertes Verfahren; vorrechte Befreiung; vorübergehende Verwendung; wiederholende Verfügung; wohlerworbenes Recht; zuständiges Gericht; zuständiges Verwaltungsgericht; ärztliche Untersuchung; öffentlicher Dienst; örtliche Bedienstele</subfield><subfield code="2">idssg-J</subfield></datafield><datafield ind1=" " ind2=" " tag="690"><subfield code="a">Vereinte Nationen C00WOR; Großbritannien C4EUUK; Vereinigte Staaten C1USA</subfield><subfield code="2">idssg-J</subfield></datafield><datafield ind1=" " ind2=" " tag="690"><subfield code="a">B. Zielsetzung; Bediensteter Internationaler Organisationen; Breach of duties; By staff representations; C. Abgrenzungen; Clement; Competence of the Organisation; Conditions of receivability; Criminal responsibility the employ; D. Verfahrensfragen; Development of employment; Dienstrecht Internationaler Organisationen; Done the exercise of; Dr.iur. Gerhard Ullrich; Duncker Humblot erlin; Employment law of; Erlösche; Exemption from compulsory; F. Rechtskraft; Fiscal Privileges of employees; For the setting; Former employees; Freedom of association; Freedom of speech; Freedom of thought; General rules; Haftung Internationaler Organisationen; Immunity of staff respect; international Organisationen Institutionelles Völkerrecht; Inviolability of official; Is bound to comply; Kurzü beri cht; Labour Organisation Administrative; Law of the; Liability of employees; Nature of employment; nicht-staatlich Internationale Organisationen; Non- Governmental Organisations; Obligations of staff; Of employment rules; Onaler Orgai sai onen; Organisation Amerikanischer Staaten; Other contractual employments; Other fiscal Privileges; Patere legem quam ipse; Persons entitled to; Praxis Duncker Humblot erlin; Principles of due process; Principles of the; Principles of the employment; Privileges of employees; Protection of legitimate expeetation; Protection of property; Receivability of complaint; Recovery of undue; Right to establish trade; Rule against retroactivity</subfield><subfield code="2">idssg-J</subfield></datafield><datafield ind1=" " ind2=" " tag="691"><subfield code="e">PD 20</subfield><subfield code="2">rzs-L1</subfield></datafield><datafield ind1="4" ind2=" " tag="856"><subfield code="3">Titelblatt und Inhaltsverzeichnis</subfield><subfield code="u">https://toc.library.ethz.ch/objects/pdf/z16_978-3-428-12947-8_01.pdf</subfield><subfield code="q">pdf</subfield></datafield><datafield ind1=" " ind2=" " tag="900"><subfield code="a">REROnoselfmerge</subfield></datafield><datafield ind1=" " ind2=" " tag="900"><subfield code="a">IDSZ2rwimon200909f</subfield><subfield code="c">IDSZ2bice 090924</subfield><subfield code="d">IDSZ2rwiswk200911b</subfield><subfield code="e">IDSZ2basc</subfield></datafield><datafield ind1=" " ind2=" " tag="949"><subfield code="a">https://toc.library.ethz.ch/objects/pdf/z16_978-3-428-12947-8_01.pdf</subfield></datafield></record>
</metadata></record>