<record><header><identifier>oai:alma.41SLSP_UGE:991000017759705502</identifier><datestamp>2024-10-12T00:12:12Z</datestamp><setSpec>uge_bcen_RapidILL_BOOK</setSpec><setSpec>uge_aaca_RapidILL_BOOK</setSpec><setSpec>uge_abels_RapidILL_BOOK</setSpec><setSpec>uge_dbu_RapidILL_BOOK</setSpec><setSpec>uge_cmu_RapidILL_BOOK</setSpec><setSpec>uge_mail_RapidILL_BOOK</setSpec><setSpec>uge_abbat_RapidILL_BOOK</setSpec><setSpec>UNIGE_ALL</setSpec><setSpec>uge_acar_RapidILL_BOOK</setSpec><setSpec>uge_aobs_RapidILL_BOOK</setSpec></header><metadata>
<record xmlns="http://www.loc.gov/MARC21/slim" xmlns:xsi="http://www.w3.org/2001/XMLSchema-instance" xsi:schemaLocation="http://www.loc.gov/MARC21/slim http://www.loc.gov/standards/marcxml/schema/MARC21slim.xsd"><leader>01734naa a2200349 c 4500</leader><controlfield tag="001">991000017759705502</controlfield><controlfield tag="005">20230630222205.0</controlfield><controlfield tag="008">100322s2010    sz ||||| |||| 00| ||ger d</controlfield><datafield ind1=" " ind2=" " tag="035"><subfield code="a">(swissbib)110136705-41slsp_network</subfield></datafield><datafield ind1=" " ind2=" " tag="035"><subfield code="a">110136705</subfield><subfield code="9">ExL</subfield></datafield><datafield ind1=" " ind2=" " tag="035"><subfield code="a">(RERO)R005412545-41slsp</subfield></datafield><datafield ind1=" " ind2=" " tag="035"><subfield code="a">(EXLNZ-41SLSP_NETWORK)991156584079705501</subfield></datafield><datafield ind1=" " ind2=" " tag="040"><subfield code="a">RERO iftfla</subfield><subfield code="d">CH-ZuSLS</subfield></datafield><datafield ind1=" " ind2=" " tag="044"><subfield code="a">sz</subfield><subfield code="c">ch-zh</subfield></datafield><datafield ind1=" " ind2="7" tag="072"><subfield code="a">dr</subfield><subfield code="2">rero</subfield></datafield><datafield ind1=" " ind2=" " tag="084"><subfield code="a">CA/CH 67 i</subfield><subfield code="2">cjurrom</subfield></datafield><datafield ind1="1" ind2=" " tag="100"><subfield code="a">Hrubesch-Millauer, Stephanie</subfield><subfield code="d">1975-….</subfield><subfield code="0">(IDREF)243997302</subfield><subfield code="4">cre</subfield></datafield><datafield ind1="1" ind2="0" tag="245"><subfield code="a">Vorbehaltsklauseln im Erbvertrag</subfield><subfield code="b">ein Widerspruch?</subfield><subfield code="c">Stephanie Hrubesch-Millauer</subfield></datafield><datafield ind1=" " ind2=" " tag="336"><subfield code="b">txt</subfield><subfield code="2">rdacontent</subfield></datafield><datafield ind1=" " ind2=" " tag="337"><subfield code="b">n</subfield><subfield code="2">rdamedia</subfield></datafield><datafield ind1=" " ind2=" " tag="338"><subfield code="b">nc</subfield><subfield code="2">rdacarrier</subfield></datafield><datafield ind1=" " ind2=" " tag="500"><subfield code="a">Text in Deutsch mit Zusfassung in Franz. und Engl.</subfield></datafield><datafield ind1=" " ind2=" " tag="580"><subfield code="a">In: Successio : Zeitschrift für Erbrecht : Nachlassplanung und -abwicklung. - Zürich. - Jg. 4(2010), H. 1, S. 5-11</subfield></datafield><datafield ind1=" " ind2="7" tag="650"><subfield code="a">Erbvertrag</subfield><subfield code="9">ger</subfield><subfield code="0">(RERO)jurivoc000007134ger</subfield><subfield code="2">jurivoc</subfield></datafield><datafield ind1=" " ind2="7" tag="650"><subfield code="a">Verbindlichkeit(allgemein)</subfield><subfield code="9">ger</subfield><subfield code="0">(RERO)jurivoc000024205ger</subfield><subfield code="2">jurivoc</subfield></datafield><datafield ind1=" " ind2="7" tag="650"><subfield code="a">Änderung(allgemein)</subfield><subfield code="9">ger</subfield><subfield code="0">(RERO)jurivoc000001084ger</subfield><subfield code="2">jurivoc</subfield></datafield><datafield ind1=" " ind2="7" tag="650"><subfield code="a">Veränderung der Verhältnisse</subfield><subfield code="9">ger</subfield><subfield code="0">(RERO)jurivoc000024152ger</subfield><subfield code="2">jurivoc</subfield></datafield><datafield ind1=" " ind2="7" tag="650"><subfield code="a">Vorbehalt(allgemein)</subfield><subfield code="9">ger</subfield><subfield code="0">(RERO)jurivoc000025707ger</subfield><subfield code="2">jurivoc</subfield></datafield><datafield ind1=" " ind2="7" tag="650"><subfield code="a">Auflage(Verpflichtung)</subfield><subfield code="9">ger</subfield><subfield code="0">(RERO)jurivoc000002033ger</subfield><subfield code="2">jurivoc</subfield></datafield><datafield ind1=" " ind2="7" tag="650"><subfield code="a">Bedingung</subfield><subfield code="9">ger</subfield><subfield code="0">(RERO)jurivoc000002922ger</subfield><subfield code="2">jurivoc</subfield></datafield><datafield ind1=" " ind2="7" tag="650"><subfield code="a">Verhältnis zwischen</subfield><subfield code="9">ger</subfield><subfield code="0">(RERO)jurivoc000024525ger</subfield><subfield code="2">jurivoc</subfield></datafield><datafield ind1=" " ind2="7" tag="651"><subfield code="a">Schweiz</subfield><subfield code="9">ger</subfield><subfield code="0">(RERO)jurivoc000019912ger</subfield><subfield code="2">jurivoc</subfield></datafield><datafield ind1="0" ind2=" " tag="773"><subfield code="t">Successio : Zeitschrift für Erbrecht : Nachlassplanung und -abwicklung = revue de droit des successions</subfield><subfield code="g">2010/1/5</subfield><subfield code="g">yr:2010</subfield><subfield code="w">(RERO)R004535848-41slsp</subfield></datafield></record>
</metadata></record>