<record><header><identifier>oai:alma.41SLSP_UGE:991000017859705502</identifier><datestamp>2023-06-20T00:26:58Z</datestamp><setSpec>uge_bcen_RapidILL_BOOK</setSpec><setSpec>uge_aaca_RapidILL_BOOK</setSpec><setSpec>uge_abels_RapidILL_BOOK</setSpec><setSpec>uge_dbu_RapidILL_BOOK</setSpec><setSpec>uge_cmu_RapidILL_BOOK</setSpec><setSpec>uge_mail_RapidILL_BOOK</setSpec><setSpec>uge_abbat_RapidILL_BOOK</setSpec><setSpec>UNIGE_ALL</setSpec><setSpec>uge_aobs_RapidILL_BOOK</setSpec><setSpec>uge_acar_RapidILL_BOOK</setSpec></header><metadata>
<record xmlns="http://www.loc.gov/MARC21/slim" xmlns:xsi="http://www.w3.org/2001/XMLSchema-instance" xsi:schemaLocation="http://www.loc.gov/MARC21/slim http://www.loc.gov/standards/marcxml/schema/MARC21slim.xsd"><leader>02348nam a2200649 c 4500</leader><controlfield tag="001">991000017859705502</controlfield><controlfield tag="005">20230619201038.0</controlfield><controlfield tag="008">201011t19951995po ||||| m||| 00| ||por d</controlfield><datafield ind1=" " ind2=" " tag="020"><subfield code="a">9789723603927</subfield></datafield><datafield ind1=" " ind2=" " tag="020"><subfield code="a">9723603926</subfield></datafield><datafield ind1=" " ind2=" " tag="035"><subfield code="a">(swissbib)223274771-41slsp_network</subfield></datafield><datafield ind1=" " ind2=" " tag="035"><subfield code="a">223274771</subfield><subfield code="9">ExL</subfield></datafield><datafield ind1=" " ind2=" " tag="035"><subfield code="a">(RERO)R008669596-41slsp</subfield></datafield><datafield ind1=" " ind2=" " tag="035"><subfield code="a">(IDSBB)004595090DSV01</subfield></datafield><datafield ind1=" " ind2=" " tag="035"><subfield code="a">(NEBIS)001598313EBI01</subfield></datafield><datafield ind1=" " ind2=" " tag="035"><subfield code="a">(EXLNZ-41SLSP_NETWORK)991160746559705501</subfield></datafield><datafield ind1=" " ind2=" " tag="040"><subfield code="a">DLC</subfield><subfield code="b">eng</subfield><subfield code="d">CH-ZuSLS</subfield></datafield><datafield ind1=" " ind2="0" tag="050"><subfield code="a">PQ9900</subfield><subfield code="b">.L385 1995</subfield></datafield><datafield ind1=" " ind2="7" tag="072"><subfield code="a">es</subfield><subfield code="2">rero</subfield></datafield><datafield ind1=" " ind2="7" tag="072"><subfield code="a">af</subfield><subfield code="2">SzZuIDS BS/BE</subfield></datafield><datafield ind1="0" ind2="0" tag="082"><subfield code="a">869.09/96</subfield><subfield code="2">21</subfield></datafield><datafield ind1="0" ind2="4" tag="082"><subfield code="a">869.8996</subfield></datafield><datafield ind1="1" ind2="4" tag="082"><subfield code="a">869.099 6</subfield><subfield code="2">22</subfield></datafield><datafield ind1="1" ind2="4" tag="082"><subfield code="a">869.896</subfield></datafield><datafield ind1=" " ind2=" " tag="084"><subfield code="a">IR 8345</subfield><subfield code="2">rvk</subfield></datafield><datafield ind1="1" ind2=" " tag="100"><subfield code="a">Laranjeira, Pires</subfield><subfield code="d">1950-....</subfield><subfield code="0">(IDREF)028800923</subfield><subfield code="4">cre</subfield></datafield><datafield ind1="1" ind2="0" tag="245"><subfield code="a">&lt;&lt;A&gt;&gt; negritude africana de língua portuguesa</subfield><subfield code="c">Pires Laranjeira</subfield></datafield><datafield ind1=" " ind2="1" tag="264"><subfield code="a">Porto</subfield><subfield code="b">Edições Afrontamento</subfield><subfield code="c">[1995]</subfield></datafield><datafield ind1=" " ind2="4" tag="264"><subfield code="c">© 1995</subfield></datafield><datafield ind1=" " ind2=" " tag="300"><subfield code="a">533 pages</subfield><subfield code="c">24 cm</subfield></datafield><datafield ind1=" " ind2=" " tag="336"><subfield code="b">txt</subfield><subfield code="2">rdacontent</subfield></datafield><datafield ind1=" " ind2=" " tag="337"><subfield code="b">n</subfield><subfield code="2">rdamedia</subfield></datafield><datafield ind1=" " ind2=" " tag="338"><subfield code="b">nc</subfield><subfield code="2">rdacarrier</subfield></datafield><datafield ind1="1" ind2=" " tag="490"><subfield code="a">Colecção Textos</subfield><subfield code="v">29</subfield></datafield><datafield ind1=" " ind2=" " tag="502"><subfield code="a">Diss., Univ. Coimbra</subfield></datafield><datafield ind1=" " ind2=" " tag="504"><subfield code="a">Includes bibliographical references (pages 505-533)</subfield></datafield><datafield ind1=" " ind2=" " tag="504"><subfield code="a">Literaturverz. S. 505-533</subfield></datafield><datafield ind1=" " ind2="0" tag="650"><subfield code="a">African literature (Portuguese)</subfield><subfield code="y">20th century</subfield><subfield code="x">History and criticism</subfield></datafield><datafield ind1=" " ind2="0" tag="650"><subfield code="a">Blacks</subfield><subfield code="x">Race identity</subfield></datafield><datafield ind1=" " ind2="7" tag="650"><subfield code="a">Négritude</subfield><subfield code="0">(IDREF)027317633</subfield><subfield code="2">idref</subfield></datafield><datafield ind1=" " ind2="7" tag="650"><subfield code="a">Littérature africaine de langue portugaise</subfield><subfield code="0">(IDREF)027301303</subfield><subfield code="2">idref</subfield></datafield><datafield ind1=" " ind2="7" tag="650"><subfield code="a">Literatur</subfield><subfield code="2">idszbz</subfield></datafield><datafield ind1=" " ind2="7" tag="650"><subfield code="a">Négritude</subfield><subfield code="2">idszbz</subfield></datafield><datafield ind1=" " ind2="7" tag="650"><subfield code="a">Portugiesisch</subfield><subfield code="2">idszbz</subfield></datafield><datafield ind1=" " ind2="7" tag="650"><subfield code="a">Literatur</subfield><subfield code="0">(DE-588)4035964-5</subfield><subfield code="2">gnd</subfield></datafield><datafield ind1=" " ind2="7" tag="650"><subfield code="a">Négritude</subfield><subfield code="0">(DE-588)4171411-8</subfield><subfield code="2">gnd</subfield></datafield><datafield ind1=" " ind2="7" tag="650"><subfield code="a">Portugiesisch</subfield><subfield code="0">(DE-588)4120316-1</subfield><subfield code="2">gnd</subfield></datafield><datafield ind1=" " ind2="0" tag="650"><subfield code="a">African literature (Portuguese)</subfield><subfield code="x">History and criticism</subfield></datafield><datafield ind1=" " ind2="0" tag="650"><subfield code="a">Negritude (Literary movement)</subfield></datafield><datafield ind1=" " ind2="0" tag="650"><subfield code="a">Portuguese literature</subfield><subfield code="x">Black authors</subfield><subfield code="x">History and criticism</subfield></datafield><datafield ind1=" " ind2="0" tag="650"><subfield code="a">Race awareness in literature</subfield></datafield><datafield ind1=" " ind2="7" tag="651"><subfield code="a">Afrika</subfield><subfield code="2">idszbz</subfield></datafield><datafield ind1=" " ind2="7" tag="651"><subfield code="a">Afrika</subfield><subfield code="0">(DE-588)4000695-5</subfield><subfield code="2">gnd</subfield></datafield><datafield ind1=" " ind2="7" tag="655"><subfield code="a">Hochschulschrift</subfield><subfield code="2">gnd-content</subfield></datafield><datafield ind1=" " ind2=" " tag="690"><subfield code="a">Portugiesisch : Afrika : Literatur</subfield><subfield code="2">uzb-VH</subfield></datafield><datafield ind1=" " ind2=" " tag="690"><subfield code="a">Portugiesisch : Afrika : Literatur : Négritude (Motiv)</subfield><subfield code="2">uzb-VH</subfield></datafield><datafield ind1=" " ind2="0" tag="830"><subfield code="a">Colecção Textos</subfield><subfield code="v">29</subfield><subfield code="w">(IDSBB)006059453DSV01</subfield></datafield><datafield ind1=" " ind2="0" tag="830"><subfield code="a">Textos</subfield><subfield code="p">Afrontamento</subfield><subfield code="v">29</subfield><subfield code="w">(RERO)R265099260-41slsp</subfield></datafield><datafield ind1=" " ind2=" " tag="993"><subfield code="a">BFLA 276876</subfield><subfield code="x">ge/ulpo/d/17/CEL</subfield><subfield code="9">LOCAL</subfield></datafield></record>
</metadata></record>