<record><header><identifier>oai:alma.41SLSP_UGE:991000017649705502</identifier><datestamp>2024-11-16T01:15:23Z</datestamp><setSpec>uge_bcen_RapidILL_BOOK</setSpec><setSpec>uge_aaca_RapidILL_BOOK</setSpec><setSpec>uge_abels_RapidILL_BOOK</setSpec><setSpec>uge_dbu_RapidILL_BOOK</setSpec><setSpec>uge_cmu_RapidILL_BOOK</setSpec><setSpec>uge_mail_RapidILL_BOOK</setSpec><setSpec>uge_abbat_RapidILL_BOOK</setSpec><setSpec>UNIGE_ALL</setSpec><setSpec>uge_acar_RapidILL_BOOK</setSpec><setSpec>uge_aobs_RapidILL_BOOK</setSpec></header><metadata>
<record xmlns="http://www.loc.gov/MARC21/slim" xmlns:xsi="http://www.w3.org/2001/XMLSchema-instance" xsi:schemaLocation="http://www.loc.gov/MARC21/slim http://www.loc.gov/standards/marcxml/schema/MARC21slim.xsd"><leader>03219nam a2200733 c 4500</leader><controlfield tag="001">991000017649705502</controlfield><controlfield tag="005">20241115085029.0</controlfield><controlfield tag="008">201011s2006    xxc |  |      10| | eng|d</controlfield><datafield ind1=" " ind2=" " tag="010"><subfield code="a">2006389061</subfield></datafield><datafield ind1="7" ind2=" " tag="016"><subfield code="a">20069404887E</subfield></datafield><datafield ind1=" " ind2=" " tag="020"><subfield code="a">9782760514317</subfield><subfield code="q">Paperback</subfield></datafield><datafield ind1=" " ind2=" " tag="020"><subfield code="a">2760514315</subfield></datafield><datafield ind1=" " ind2=" " tag="035"><subfield code="a">(swissbib)226887960-41slsp_network</subfield></datafield><datafield ind1=" " ind2=" " tag="035"><subfield code="a">226887960</subfield><subfield code="9">ExL</subfield></datafield><datafield ind1=" " ind2=" " tag="035"><subfield code="a">(IDSBB)006719101DSV01</subfield></datafield><datafield ind1=" " ind2=" " tag="035"><subfield code="a">(RERO)R005463004-41slsp</subfield></datafield><datafield ind1=" " ind2=" " tag="035"><subfield code="a">(SBT)000772890SBT01</subfield></datafield><datafield ind1=" " ind2=" " tag="035"><subfield code="a">(OCoLC)65120943</subfield></datafield><datafield ind1=" " ind2=" " tag="035"><subfield code="a">(EXLNZ-41SLSP_NETWORK)991041017529705501</subfield></datafield><datafield ind1=" " ind2=" " tag="040"><subfield code="a">CaQMBN</subfield><subfield code="b">ger</subfield><subfield code="e">rda</subfield><subfield code="d">CH-ZuSLS</subfield></datafield><datafield ind1="0" ind2=" " tag="041"><subfield code="a">fre</subfield><subfield code="a">eng</subfield></datafield><datafield ind1=" " ind2=" " tag="042"><subfield code="a">lccopycat</subfield></datafield><datafield ind1=" " ind2="7" tag="072"><subfield code="a">th</subfield><subfield code="2">rero</subfield></datafield><datafield ind1=" " ind2="7" tag="072"><subfield code="a">at</subfield><subfield code="2">rero</subfield></datafield><datafield ind1=" " ind2="7" tag="072"><subfield code="a">ss</subfield><subfield code="2">rero</subfield></datafield><datafield ind1="0" ind2="4" tag="082"><subfield code="a">726.5028/8</subfield><subfield code="2">22</subfield></datafield><datafield ind1="7" ind2="4" tag="082"><subfield code="a">720</subfield><subfield code="2">23sdnb</subfield></datafield><datafield ind1=" " ind2=" " tag="084"><subfield code="a">BR 5510</subfield><subfield code="2">rvk</subfield></datafield><datafield ind1="0" ind2="0" tag="245"><subfield code="a">Quel avenir pour quelles églises?</subfield><subfield code="b">= What future for which churches?</subfield><subfield code="c">sous la direction de Lucie K. Morisset, Luc Noppen, Thomas Coomans</subfield></datafield><datafield ind1="0" ind2="1" tag="246"><subfield code="a">What future for which churches?</subfield></datafield><datafield ind1=" " ind2="1" tag="264"><subfield code="a">Québec</subfield><subfield code="b">Presses de l'Université du Québec</subfield><subfield code="c">2006</subfield></datafield><datafield ind1=" " ind2=" " tag="300"><subfield code="a">x, 608 pages</subfield><subfield code="b">illustrations, cartes</subfield><subfield code="c">25 cm</subfield></datafield><datafield ind1=" " ind2=" " tag="336"><subfield code="b">txt</subfield><subfield code="2">rdacontent</subfield></datafield><datafield ind1=" " ind2=" " tag="336"><subfield code="b">sti</subfield><subfield code="2">rdacontent</subfield></datafield><datafield ind1=" " ind2=" " tag="337"><subfield code="b">n</subfield><subfield code="2">rdamedia</subfield></datafield><datafield ind1=" " ind2=" " tag="338"><subfield code="b">nc</subfield><subfield code="2">rdacarrier</subfield></datafield><datafield ind1="1" ind2=" " tag="490"><subfield code="a">Patrimoine urbain</subfield><subfield code="v">3</subfield></datafield><datafield ind1=" " ind2=" " tag="500"><subfield code="a">Papers presented at a conference held at the Université du Québec à Montréal, Oct. 19-22, 2005</subfield></datafield><datafield ind1=" " ind2=" " tag="500"><subfield code="a">Textes présentés lors du Colloque international de Montréal tenu à l'Université du Québec à Montréal du 19 au 22 octobre 2005</subfield></datafield><datafield ind1=" " ind2=" " tag="500"><subfield code="a">Interventi presentati al convegno internazionale tenuto presso l'Université du Québec a Montréal, dal 19 al 22 ottobre 2005</subfield></datafield><datafield ind1=" " ind2=" " tag="500"><subfield code="a">Testo in francese e inglese</subfield></datafield><datafield ind1=" " ind2="7" tag="650"><subfield code="a">Kirchenbau</subfield><subfield code="0">(DE-588)4073436-5</subfield><subfield code="2">gnd</subfield></datafield><datafield ind1=" " ind2="7" tag="650"><subfield code="a">Nutzungsänderung</subfield><subfield code="0">(DE-588)4042840-0</subfield><subfield code="2">gnd</subfield></datafield><datafield ind1=" " ind2="0" tag="650"><subfield code="a">Church architecture</subfield><subfield code="x">Conservation and restoration</subfield><subfield code="v">Congresses</subfield></datafield><datafield ind1=" " ind2="0" tag="650"><subfield code="a">Church buildings</subfield><subfield code="x">Remodeling for other use</subfield><subfield code="v">Congresses</subfield></datafield><datafield ind1=" " ind2="0" tag="650"><subfield code="a">Cultural property</subfield><subfield code="v">Congresses</subfield></datafield><datafield ind1=" " ind2="0" tag="650"><subfield code="a">Church buildings</subfield><subfield code="x">Social aspects</subfield><subfield code="v">Congresses</subfield></datafield><datafield ind1=" " ind2="7" tag="650"><subfield code="a">Kyrkor</subfield><subfield code="x">sociala aspekter</subfield><subfield code="2">sao</subfield></datafield><datafield ind1=" " ind2="7" tag="650"><subfield code="a">Ombyggnad</subfield><subfield code="2">sao</subfield></datafield><datafield ind1=" " ind2="7" tag="650"><subfield code="a">Återanvändning</subfield><subfield code="2">sao</subfield></datafield><datafield ind1=" " ind2="7" tag="650"><subfield code="a">église (bâtiment) - affectation - changement</subfield><subfield code="0">(RERO)A012738020</subfield><subfield code="2">rerovoc</subfield></datafield><datafield ind1=" " ind2="7" tag="650"><subfield code="a">Églises</subfield><subfield code="0">(IDREF)02726663X</subfield><subfield code="2">idref</subfield></datafield><datafield ind1=" " ind2="7" tag="650"><subfield code="a">Edifici di culto</subfield><subfield code="x">Atti di congressi</subfield><subfield code="2">sbt12</subfield></datafield><datafield ind1=" " ind2="7" tag="655"><subfield code="a">Konferenzschrift</subfield><subfield code="z">Montréal</subfield><subfield code="y">2005</subfield><subfield code="2">gnd-content</subfield></datafield><datafield ind1=" " ind2="7" tag="655"><subfield code="a">Actes de congrès</subfield><subfield code="0">(IDREF)02886431X</subfield><subfield code="2">idref</subfield></datafield><datafield ind1="1" ind2=" " tag="700"><subfield code="6">880-02</subfield><subfield code="a">Morisset, Lucie K.</subfield><subfield code="d">1967-</subfield><subfield code="4">edt</subfield><subfield code="0">(DE-588)140955054</subfield></datafield><datafield ind1="1" ind2=" " tag="880"><subfield code="6">700-02/(B</subfield><subfield code="a">Morisset, Lucie K.</subfield><subfield code="d">1967-....</subfield><subfield code="0">(IDREF)070431639</subfield><subfield code="4">edt</subfield></datafield><datafield ind1="1" ind2=" " tag="700"><subfield code="6">880-03</subfield><subfield code="a">Noppen, Luc</subfield><subfield code="d">1949-</subfield><subfield code="0">(DE-588)173282237</subfield><subfield code="e">Herausgeber</subfield><subfield code="4">edt</subfield></datafield><datafield ind1="1" ind2=" " tag="880"><subfield code="6">700-03/(B</subfield><subfield code="a">Noppen, Luc</subfield><subfield code="d">1949-....</subfield><subfield code="0">(IDREF)030300304</subfield><subfield code="4">edt</subfield></datafield><datafield ind1="1" ind2=" " tag="700"><subfield code="a">Coomans, Thomas</subfield><subfield code="d">1962-</subfield><subfield code="6">880-04</subfield><subfield code="0">(DE-588)18840130X</subfield><subfield code="e">Herausgeber</subfield><subfield code="4">edt</subfield></datafield><datafield ind1="1" ind2=" " tag="880"><subfield code="6">700-04/(B</subfield><subfield code="a">Coomans, Thomas</subfield><subfield code="d">1962-....</subfield><subfield code="0">(IDREF)031199259</subfield><subfield code="4">edt</subfield></datafield><datafield ind1="1" ind2=" " tag="800"><subfield code="a">Morisset, Lucie K.</subfield><subfield code="t">Patrimoine urbain</subfield><subfield code="v">3</subfield><subfield code="w">(RERO)R005462999-41slsp</subfield></datafield><datafield ind1="4" ind2="2" tag="856"><subfield code="3">Publisher description</subfield><subfield code="u">https://www.loc.gov/catdir/enhancements/fy1616/2006389061-d.html</subfield></datafield><datafield ind1=" " ind2=" " tag="900"><subfield code="a">IDSDSStoppsignal FRED</subfield></datafield><datafield ind1=" " ind2=" " tag="900"><subfield code="a">REROnoselfmerge</subfield></datafield><datafield ind1=" " ind2=" " tag="993"><subfield code="a">BFLA 281779</subfield><subfield code="x">ge/ulha/d/18/0314 FT 30318</subfield><subfield code="9">LOCAL</subfield></datafield></record>
</metadata></record>