<record><header><identifier>oai:alma.41SLSP_UGE:991000018379705502</identifier><datestamp>2023-03-01T01:09:20Z</datestamp><setSpec>uge_bcen_RapidILL_BOOK</setSpec><setSpec>uge_aaca_RapidILL_BOOK</setSpec><setSpec>uge_abels_RapidILL_BOOK</setSpec><setSpec>uge_dbu_RapidILL_BOOK</setSpec><setSpec>uge_cmu_RapidILL_BOOK</setSpec><setSpec>uge_mail_RapidILL_BOOK</setSpec><setSpec>UNIGE_ALL</setSpec><setSpec>uge_abbat_RapidILL_BOOK</setSpec><setSpec>uge_aobs_RapidILL_BOOK</setSpec><setSpec>uge_acar_RapidILL_BOOK</setSpec></header><metadata>
<record xmlns="http://www.loc.gov/MARC21/slim" xmlns:xsi="http://www.w3.org/2001/XMLSchema-instance" xsi:schemaLocation="http://www.loc.gov/MARC21/slim http://www.loc.gov/standards/marcxml/schema/MARC21slim.xsd"><leader>01516nam a22003012c 4500</leader><controlfield tag="001">991000018379705502</controlfield><controlfield tag="005">20201222225255.0</controlfield><controlfield tag="008">130723s1989    ch ||||| |||| 00| ||chi d</controlfield><datafield ind1=" " ind2=" " tag="035"><subfield code="a">(swissbib)117782386-41slsp_network</subfield></datafield><datafield ind1=" " ind2=" " tag="035"><subfield code="a">117782386</subfield><subfield code="9">ExL</subfield></datafield><datafield ind1=" " ind2=" " tag="035"><subfield code="a">(RERO)R007423607-41slsp</subfield></datafield><datafield ind1=" " ind2=" " tag="035"><subfield code="a">(EXLNZ-41SLSP_NETWORK)991105834559705501</subfield></datafield><datafield ind1=" " ind2=" " tag="040"><subfield code="a">TWNBI</subfield><subfield code="d">CH-ZuSLS</subfield></datafield><datafield ind1=" " ind2="7" tag="072"><subfield code="a">ba</subfield><subfield code="2">rero</subfield></datafield><datafield ind1="0" ind2="0" tag="245"><subfield code="6">880-01</subfield><subfield code="a">Yi shu xue</subfield><subfield code="b">yi shu xue yan jiu nian bao = Study of the arts.</subfield><subfield code="n">di 3 qi</subfield><subfield code="c">yi shu xue bian ji wei yuan hui</subfield></datafield><datafield ind1="0" ind2="0" tag="880"><subfield code="6">245-01/$1</subfield><subfield code="a">藝術學</subfield><subfield code="b">藝術學研究年報 = Study of the arts.</subfield><subfield code="n">第三期</subfield><subfield code="c">藝術學編輯委員會</subfield></datafield><datafield ind1="1" ind2=" " tag="246"><subfield code="a">Study of the arts</subfield></datafield><datafield ind1=" " ind2="1" tag="264"><subfield code="6">880-02</subfield><subfield code="a">Tai bei shi</subfield><subfield code="b">Guo li tai bei yi shu da xue mei shu shi yan jiu suo</subfield><subfield code="c">min guo 78</subfield></datafield><datafield ind1=" " ind2="1" tag="880"><subfield code="6">264-02/$1</subfield><subfield code="a">臺北市</subfield><subfield code="b">國立台北藝術大學美術史研究所</subfield><subfield code="c">民國78</subfield></datafield><datafield ind1=" " ind2=" " tag="300"><subfield code="a">250 p.</subfield><subfield code="b">ill.</subfield><subfield code="c">27 cm</subfield></datafield><datafield ind1=" " ind2=" " tag="336"><subfield code="b">txt</subfield><subfield code="2">rdacontent</subfield></datafield><datafield ind1=" " ind2=" " tag="337"><subfield code="b">n</subfield><subfield code="2">rdamedia</subfield></datafield><datafield ind1=" " ind2=" " tag="338"><subfield code="b">nc</subfield><subfield code="2">rdacarrier</subfield></datafield><datafield ind1=" " ind2=" " tag="500"><subfield code="a">Ju di nian san qi(2007 nian 1 yue)zhu lu</subfield></datafield><datafield ind1=" " ind2=" " tag="500"><subfield code="a">據第廿三期(2007年1月)著錄</subfield></datafield><datafield ind1="2" ind2=" " tag="710"><subfield code="6">880-04</subfield><subfield code="a">Yi shu xue bian ji wei yuan hui</subfield><subfield code="0">(RERO)A023532905</subfield></datafield><datafield ind1="2" ind2=" " tag="880"><subfield code="6">710-04/$1</subfield><subfield code="a">藝術學編輯委員會</subfield></datafield><datafield ind1=" " ind2=" " tag="900"><subfield code="a">REROnoselfmerge</subfield></datafield><datafield ind1=" " ind2=" " tag="910"><subfield code="a">OCoLC</subfield><subfield code="b">20130723</subfield><subfield code="c">Droits réservés</subfield></datafield></record>
</metadata></record>