<record><header><identifier>oai:alma.41SLSP_UGE:991000017749705502</identifier><datestamp>2023-04-08T00:24:10Z</datestamp><setSpec>uge_bcen_RapidILL_BOOK</setSpec><setSpec>uge_aaca_RapidILL_BOOK</setSpec><setSpec>uge_abels_RapidILL_BOOK</setSpec><setSpec>uge_dbu_RapidILL_BOOK</setSpec><setSpec>uge_cmu_RapidILL_BOOK</setSpec><setSpec>uge_mail_RapidILL_BOOK</setSpec><setSpec>uge_abbat_RapidILL_BOOK</setSpec><setSpec>UNIGE_ALL</setSpec><setSpec>uge_aobs_RapidILL_BOOK</setSpec><setSpec>uge_acar_RapidILL_BOOK</setSpec></header><metadata>
<record xmlns="http://www.loc.gov/MARC21/slim" xmlns:xsi="http://www.w3.org/2001/XMLSchema-instance" xsi:schemaLocation="http://www.loc.gov/MARC21/slim http://www.loc.gov/standards/marcxml/schema/MARC21slim.xsd"><leader>03409nam a2200613 c 4500</leader><controlfield tag="001">991000017749705502</controlfield><controlfield tag="005">20230407174819.0</controlfield><controlfield tag="008">201012s2020    xxu      b    000 0 eng d</controlfield><datafield ind1=" " ind2=" " tag="010"><subfield code="a">2019012606</subfield></datafield><datafield ind1=" " ind2=" " tag="020"><subfield code="a">9780190645939</subfield><subfield code="q">hardback</subfield></datafield><datafield ind1=" " ind2=" " tag="020"><subfield code="z">9780190645946</subfield><subfield code="q">updf</subfield></datafield><datafield ind1=" " ind2=" " tag="020"><subfield code="z">9780190645953</subfield><subfield code="q">epub</subfield></datafield><datafield ind1=" " ind2=" " tag="035"><subfield code="a">(swissbib)23897751X-41slsp_network</subfield></datafield><datafield ind1=" " ind2=" " tag="035"><subfield code="a">23897751X</subfield><subfield code="9">ExL</subfield></datafield><datafield ind1=" " ind2=" " tag="035"><subfield code="a">(RERO)R008976494-41slsp</subfield></datafield><datafield ind1=" " ind2=" " tag="035"><subfield code="a">(NEBIS)011447957EBI01</subfield></datafield><datafield ind1=" " ind2=" " tag="035"><subfield code="a">(OCoLC)1104856892</subfield></datafield><datafield ind1=" " ind2=" " tag="035"><subfield code="a">(EXLNZ-41SLSP_NETWORK)991063114579705501</subfield></datafield><datafield ind1=" " ind2=" " tag="040"><subfield code="a">DLC</subfield><subfield code="b">eng</subfield><subfield code="e">rda</subfield><subfield code="d">CH-ZuSLS</subfield></datafield><datafield ind1=" " ind2=" " tag="042"><subfield code="a">pcc</subfield></datafield><datafield ind1="0" ind2="0" tag="050"><subfield code="a">RC387.5</subfield><subfield code="b">.P748 2019</subfield></datafield><datafield ind1="0" ind2="0" tag="060"><subfield code="a">2020 C-253</subfield></datafield><datafield ind1="1" ind2="0" tag="060"><subfield code="a">WL 348</subfield></datafield><datafield ind1=" " ind2="7" tag="072"><subfield code="a">ps</subfield><subfield code="2">rero</subfield></datafield><datafield ind1="0" ind2="0" tag="082"><subfield code="a">616.8</subfield><subfield code="2">23</subfield></datafield><datafield ind1="1" ind2="4" tag="082"><subfield code="a">150</subfield><subfield code="2">15</subfield></datafield><datafield ind1="1" ind2=" " tag="100"><subfield code="a">Prigatano, George P.</subfield><subfield code="0">(IDREF)083939237</subfield><subfield code="4">aut</subfield></datafield><datafield ind1="1" ind2="0" tag="245"><subfield code="a">Clinical neuropsychology and the psychological care of persons with brain disorders</subfield><subfield code="c">George P. Prigatano</subfield></datafield><datafield ind1=" " ind2="1" tag="264"><subfield code="a">New York, NY</subfield><subfield code="b">Oxford University Press</subfield><subfield code="c">2020</subfield></datafield><datafield ind1=" " ind2=" " tag="300"><subfield code="a">xii, 524 Seiten, 16 ungezählte Seiten Tafeln</subfield><subfield code="b">Illustrationen</subfield></datafield><datafield ind1=" " ind2=" " tag="336"><subfield code="b">txt</subfield><subfield code="2">rdacontent</subfield></datafield><datafield ind1=" " ind2=" " tag="337"><subfield code="b">n</subfield><subfield code="2">rdamedia</subfield></datafield><datafield ind1=" " ind2=" " tag="338"><subfield code="b">nc</subfield><subfield code="2">rdacarrier</subfield></datafield><datafield ind1=" " ind2=" " tag="504"><subfield code="a">Includes bibliographical references</subfield></datafield><datafield ind1="8" ind2=" " tag="520"><subfield code="a">&quot;Despite advances in neuropsychology and the neurosciences, our understanding of how to provide effective psychological care of a person with a brain disorder has been lacking. This book suggests that effective psychological care is possible when the clinician integrates knowledge emanating from the neurosciences with a basic knowledge of human nature and how brain disorders at different stages of development influence both neuropsychological functions and the patient subjective experience of how they have been affected. Combining this integrated knowledge with an understanding of the patient's cultural and psychological background can guide the application of various psychotherapeutic interventions to help patients meaningfully cope with their disorder. This book summarizes this process for a variety of persons with different brain disorders. Brain disorders, psychological care, psychotherapy, human nature, developmental adjustment issues, patient's subjective experience, anosognosia, denial, meaning in life&quot;--</subfield><subfield code="c">Provided by publisher</subfield></datafield><datafield ind1=" " ind2="7" tag="650"><subfield code="a">Neuropsychiatrie</subfield><subfield code="0">(IDREF)027241033</subfield><subfield code="2">idref</subfield></datafield><datafield ind1=" " ind2="7" tag="650"><subfield code="a">Neuropsychologie clinique</subfield><subfield code="0">(IDREF)033202702</subfield><subfield code="2">idref</subfield></datafield><datafield ind1=" " ind2="7" tag="650"><subfield code="a">Neuropsychologie</subfield><subfield code="0">(IDREF)027241041</subfield><subfield code="2">idref</subfield></datafield><datafield ind1=" " ind2="7" tag="650"><subfield code="a">Cerveau</subfield><subfield code="0">(IDREF)027730298</subfield><subfield code="2">idref</subfield></datafield><datafield ind1=" " ind2="0" tag="650"><subfield code="a">Brain damage</subfield><subfield code="x">Diagnosis</subfield></datafield><datafield ind1=" " ind2="0" tag="650"><subfield code="a">Clinical neuropsychology</subfield></datafield><datafield ind1=" " ind2="7" tag="650"><subfield code="a">Hirnfunktionsstörung</subfield><subfield code="0">(DE-588)4133771-2</subfield><subfield code="2">gnd</subfield></datafield><datafield ind1=" " ind2="7" tag="650"><subfield code="a">Nervenkrankheit</subfield><subfield code="0">(DE-588)1068493003</subfield><subfield code="2">gnd</subfield></datafield><datafield ind1=" " ind2="7" tag="650"><subfield code="a">Kognitive Störung</subfield><subfield code="0">(DE-588)4164473-6</subfield><subfield code="2">gnd</subfield></datafield><datafield ind1=" " ind2="7" tag="650"><subfield code="a">Psychologische Betreuung</subfield><subfield code="0">(DE-588)4176228-9</subfield><subfield code="2">gnd</subfield></datafield><datafield ind1=" " ind2="7" tag="650"><subfield code="a">Therapie</subfield><subfield code="0">(DE-588)4059798-2</subfield><subfield code="2">gnd</subfield></datafield><datafield ind1=" " ind2="7" tag="650"><subfield code="a">Neuropsychologie</subfield><subfield code="0">(DE-588)4135740-1</subfield><subfield code="2">gnd</subfield></datafield><datafield ind1=" " ind2="7" tag="650"><subfield code="a">Lebenslauf</subfield><subfield code="0">(DE-588)4034869-6</subfield><subfield code="2">gnd</subfield></datafield><datafield ind1=" " ind2="2" tag="650"><subfield code="a">Brain Diseases</subfield><subfield code="x">physiopathology</subfield></datafield><datafield ind1=" " ind2="2" tag="650"><subfield code="a">Neuropsychology</subfield><subfield code="x">methods</subfield></datafield><datafield ind1="4" ind2=" " tag="856"><subfield code="3">Titelblatt und Inhaltsverzeichnis</subfield><subfield code="u">https://toc.library.ethz.ch/objects/pdf03/z01_978-0-19-064593-9_01.pdf</subfield><subfield code="q">pdf</subfield></datafield><datafield ind1=" " ind2=" " tag="900"><subfield code="a">REROnoselfmerge</subfield></datafield><datafield ind1=" " ind2=" " tag="900"><subfield code="a">IDSZ2zbzmon202007f</subfield><subfield code="c">IDSZ2scle</subfield><subfield code="d">IDSZ2zbzswk202007b</subfield><subfield code="e">IDSZ2baie</subfield></datafield><datafield ind1=" " ind2=" " tag="910"><subfield code="a">LOC</subfield><subfield code="b">20191017</subfield><subfield code="c">Réutilisation sous conditions</subfield></datafield><datafield ind1=" " ind2=" " tag="949"><subfield code="a">https://toc.library.ethz.ch/objects/pdf03/z01_978-0-19-064593-9_01.pdf</subfield></datafield></record>
</metadata></record>