<record><header><identifier>oai:alma.41SLSP_UGE:991000017959705502</identifier><datestamp>2024-03-09T01:30:06Z</datestamp><setSpec>uge_bcen_RapidILL_BOOK</setSpec><setSpec>uge_aaca_RapidILL_BOOK</setSpec><setSpec>uge_abels_RapidILL_BOOK</setSpec><setSpec>uge_dbu_RapidILL_BOOK</setSpec><setSpec>uge_cmu_RapidILL_BOOK</setSpec><setSpec>uge_mail_RapidILL_BOOK</setSpec><setSpec>uge_abbat_RapidILL_BOOK</setSpec><setSpec>UNIGE_ALL</setSpec><setSpec>uge_acar_RapidILL_BOOK</setSpec><setSpec>uge_aobs_RapidILL_BOOK</setSpec></header><metadata>
<record xmlns="http://www.loc.gov/MARC21/slim" xmlns:xsi="http://www.w3.org/2001/XMLSchema-instance" xsi:schemaLocation="http://www.loc.gov/MARC21/slim http://www.loc.gov/standards/marcxml/schema/MARC21slim.xsd"><leader>02620nam a2200553 c 4500</leader><controlfield tag="001">991000017959705502</controlfield><controlfield tag="005">20240308233056.0</controlfield><controlfield tag="008">201011s2004    it ||||| |||| 00| ||ita d</controlfield><datafield ind1=" " ind2=" " tag="020"><subfield code="a">8842212598</subfield></datafield><datafield ind1="7" ind2=" " tag="024"><subfield code="a">http://catalogue.bnf.fr/ark:/12148/cb424638029</subfield><subfield code="2">uri</subfield></datafield><datafield ind1=" " ind2=" " tag="035"><subfield code="a">(swissbib)212439391-41slsp_network</subfield></datafield><datafield ind1=" " ind2=" " tag="035"><subfield code="a">212439391</subfield><subfield code="9">ExL</subfield></datafield><datafield ind1=" " ind2=" " tag="035"><subfield code="a">(RERO)R004095655-41slsp</subfield></datafield><datafield ind1=" " ind2=" " tag="035"><subfield code="a">(NEBIS)004828347EBI01</subfield></datafield><datafield ind1=" " ind2=" " tag="035"><subfield code="a">(IDSBB)003271104DSV01</subfield></datafield><datafield ind1=" " ind2=" " tag="035"><subfield code="a">(ABN)000304177ABN01</subfield></datafield><datafield ind1=" " ind2=" " tag="035"><subfield code="a">(EXLNZ-41SLSP_NETWORK)991028050509705501</subfield></datafield><datafield ind1=" " ind2=" " tag="040"><subfield code="a">RERO frvsac</subfield><subfield code="d">CH-ZuSLS</subfield></datafield><datafield ind1=" " ind2="7" tag="072"><subfield code="a">ar</subfield><subfield code="2">rero</subfield></datafield><datafield ind1=" " ind2="7" tag="072"><subfield code="a">ar</subfield><subfield code="2">SzZuIDS BS/BE</subfield></datafield><datafield ind1="1" ind2=" " tag="080"><subfield code="a">904(364I):391</subfield></datafield><datafield ind1="1" ind2="4" tag="082"><subfield code="a">930</subfield><subfield code="2">15</subfield></datafield><datafield ind1="0" ind2="0" tag="245"><subfield code="a">Alla moda del tempo</subfield><subfield code="b">costume, ornamento, bellezza nel Piemonte antico</subfield><subfield code="c">a cura di Luisa Brecciaroli Taborelli</subfield></datafield><datafield ind1=" " ind2="1" tag="264"><subfield code="a">Torino [etc.]</subfield><subfield code="b">U. Allemandi</subfield><subfield code="c">2004</subfield></datafield><datafield ind1=" " ind2=" " tag="300"><subfield code="a">65 p.</subfield><subfield code="b">ill.</subfield><subfield code="c">24 cm</subfield><subfield code="e">1 CD-ROM</subfield></datafield><datafield ind1=" " ind2=" " tag="336"><subfield code="b">txt</subfield><subfield code="2">rdacontent</subfield></datafield><datafield ind1=" " ind2=" " tag="337"><subfield code="b">n</subfield><subfield code="2">rdamedia</subfield></datafield><datafield ind1=" " ind2=" " tag="338"><subfield code="b">nc</subfield><subfield code="2">rdacarrier</subfield></datafield><datafield ind1=" " ind2=" " tag="500"><subfield code="a">En tête de la page de titre: Ministero per i beni e le attività culturali, Soprintendenza per i bieni archeologici del Piemonte e del Museo di antichetà egizie</subfield></datafield><datafield ind1=" " ind2=" " tag="500"><subfield code="a">Am Kopf der Titelseite: Ministero per i Beni e le Attività Culturali</subfield></datafield><datafield ind1=" " ind2=" " tag="500"><subfield code="a">Katalog zur gleichnamigen Ausstellung im Museo di Antichità di Torino</subfield></datafield><datafield ind1=" " ind2="7" tag="650"><subfield code="a">accessoire</subfield><subfield code="0">(RERO)A010039418</subfield><subfield code="2">rerovoc</subfield></datafield><datafield ind1=" " ind2="7" tag="650"><subfield code="a">parure</subfield><subfield code="0">(RERO)A009962115</subfield><subfield code="2">rerovoc</subfield></datafield><datafield ind1=" " ind2="7" tag="650"><subfield code="a">Antiquité</subfield><subfield code="0">(IDREF)027789888</subfield><subfield code="2">idref</subfield></datafield><datafield ind1=" " ind2="7" tag="650"><subfield code="a">Vêtements</subfield><subfield code="0">(IDREF)027637425</subfield><subfield code="2">idref</subfield></datafield><datafield ind1=" " ind2="7" tag="650"><subfield code="a">ALTERTUM UND ANTIKE (EPOCHEN)</subfield><subfield code="9">ger</subfield><subfield code="0">(ETHUDK)000008938</subfield><subfield code="2">ethudk</subfield></datafield><datafield ind1=" " ind2="7" tag="650"><subfield code="a">BEKLEIDUNGSGESCHICHTE (HAUSWIRTSCHAFT)</subfield><subfield code="9">ger</subfield><subfield code="0">(ETHUDK)000042441</subfield><subfield code="2">ethudk</subfield></datafield><datafield ind1=" " ind2="7" tag="650"><subfield code="a">FIBELN, SPANGEN (ARCHAEOLOGIE, HISTOR.)</subfield><subfield code="9">ger</subfield><subfield code="0">(ETHUDK)000056963</subfield><subfield code="2">ethudk</subfield></datafield><datafield ind1=" " ind2="7" tag="650"><subfield code="a">KLEIDUNG + TRACHTEN (ETHNOLOGIE)</subfield><subfield code="9">ger</subfield><subfield code="0">(ETHUDK)000012313</subfield><subfield code="2">ethudk</subfield></datafield><datafield ind1=" " ind2="7" tag="650"><subfield code="a">KLEIDUNG/ARCHAEOLOGIE, HISTORISCHE ZEIT</subfield><subfield code="9">ger</subfield><subfield code="0">(ETHUDK)000044977</subfield><subfield code="2">ethudk</subfield></datafield><datafield ind1=" " ind2="7" tag="650"><subfield code="a">PIEMONT (ITALIEN)</subfield><subfield code="9">ger</subfield><subfield code="0">(ETHUDK)000003609</subfield><subfield code="2">ethudk</subfield></datafield><datafield ind1=" " ind2="7" tag="650"><subfield code="a">SCHMUCK + GESCHMEIDE (ETHNOLOGIE)</subfield><subfield code="9">ger</subfield><subfield code="0">(ETHUDK)000012315</subfield><subfield code="2">ethudk</subfield></datafield><datafield ind1=" " ind2="7" tag="651"><subfield code="a">Piémont (Italie)</subfield><subfield code="0">(IDREF)027274985</subfield><subfield code="2">idref</subfield></datafield><datafield ind1=" " ind2="7" tag="655"><subfield code="a">Ausstellungskatalog</subfield><subfield code="z">Turin</subfield><subfield code="y">2004</subfield><subfield code="2">gnd-content</subfield></datafield><datafield ind1=" " ind2=" " tag="690"><subfield code="a">Trachtbestandteil - epochenübergreifend [Katalog]</subfield><subfield code="2">ubs-A8</subfield></datafield><datafield ind1=" " ind2=" " tag="690"><subfield code="a">Trachtgeschichte - epochenübergreifend - Italien [Katalog]</subfield><subfield code="2">ubs-A8</subfield></datafield><datafield ind1="1" ind2=" " tag="700"><subfield code="a">Brecciaroli Taborelli, Luisa</subfield><subfield code="0">(IDREF)059720573</subfield></datafield><datafield ind1="1" ind2=" " tag="710"><subfield code="a">Italien</subfield><subfield code="b">Ministero per i beni e le attività culturali</subfield><subfield code="0">(DE-588)5541509-X</subfield></datafield><datafield ind1="1" ind2=" " tag="710"><subfield code="a">Italia</subfield><subfield code="b">Soprintendenza archeologica del Piemonte</subfield><subfield code="0">(RERO)A000092476</subfield></datafield><datafield ind1=" " ind2=" " tag="900"><subfield code="a">REROnoselfmerge</subfield></datafield></record>
</metadata></record>