<record><header><identifier>oai:alma.41SLSP_UGE:991000789749705502</identifier><datestamp>2023-06-26T00:14:44Z</datestamp><setSpec>UNIGE_ALL</setSpec></header><metadata>
<record xmlns="http://www.loc.gov/MARC21/slim" xmlns:xsi="http://www.w3.org/2001/XMLSchema-instance" xsi:schemaLocation="http://www.loc.gov/MARC21/slim http://www.loc.gov/standards/marcxml/schema/MARC21slim.xsd"><leader>01855ngm a2200445 c 4500</leader><controlfield tag="001">991000789749705502</controlfield><controlfield tag="005">20230625173222.0</controlfield><controlfield tag="007">vd |v||||</controlfield><controlfield tag="008">040308s2004    fr ||| |          v|eng d</controlfield><datafield ind1=" " ind2=" " tag="035"><subfield code="a">(swissbib)100325181-41slsp_network</subfield></datafield><datafield ind1=" " ind2=" " tag="035"><subfield code="a">100325181</subfield><subfield code="9">ExL</subfield></datafield><datafield ind1=" " ind2=" " tag="035"><subfield code="a">(RERO)R003598023-41slsp</subfield></datafield><datafield ind1=" " ind2=" " tag="035"><subfield code="a">(EXLNZ-41SLSP_NETWORK)991134306679705501</subfield></datafield><datafield ind1=" " ind2=" " tag="040"><subfield code="a">RERO labcud</subfield><subfield code="d">CH-ZuSLS</subfield></datafield><datafield ind1="1" ind2=" " tag="041"><subfield code="a">eng</subfield><subfield code="a">fre</subfield><subfield code="h">eng</subfield></datafield><datafield ind1=" " ind2="7" tag="072"><subfield code="a">ba</subfield><subfield code="2">rero</subfield></datafield><datafield ind1="0" ind2="0" tag="245"><subfield code="a">&lt;&lt;La&gt;&gt; maison dans l'ombre</subfield><subfield code="b">= On dangerous ground</subfield><subfield code="c">un film de Nicholas Ray ; scénario A.I. Bezzerides &amp; Nicholas Ray ; d'après le roman &quot;Mad with much head&quot; de Gerald Butler ; musique Bernard Herrmann ; prod. John Houseman</subfield></datafield><datafield ind1="1" ind2=" " tag="246"><subfield code="a">On dangerous ground</subfield></datafield><datafield ind1=" " ind2="1" tag="264"><subfield code="a">[Paris]</subfield><subfield code="b">Ed. Montparnasse</subfield><subfield code="c">[2004]</subfield></datafield><datafield ind1=" " ind2="4" tag="264"><subfield code="c">© 2004</subfield></datafield><datafield ind1=" " ind2=" " tag="300"><subfield code="a">1 DVD vidéo</subfield><subfield code="b">noir et blanc PAL</subfield></datafield><datafield ind1=" " ind2=" " tag="336"><subfield code="b">tdi</subfield><subfield code="2">rdacontent</subfield></datafield><datafield ind1=" " ind2=" " tag="337"><subfield code="b">v</subfield><subfield code="2">rdamedia</subfield></datafield><datafield ind1=" " ind2=" " tag="338"><subfield code="b">vd</subfield><subfield code="2">rdacarrier</subfield></datafield><datafield ind1="1" ind2=" " tag="490"><subfield code="a">RKO</subfield><subfield code="v">24.</subfield><subfield code="a">Polar</subfield></datafield><datafield ind1=" " ind2=" " tag="500"><subfield code="a">Une prod.: RKO - Ariès, cop. 1951</subfield></datafield><datafield ind1=" " ind2=" " tag="500"><subfield code="a">Choix de langues: Anglais, français. Sous-titres: Français</subfield></datafield><datafield ind1=" " ind2=" " tag="500"><subfield code="a">Format écran: 4/3 - format image: 1.33 (zone 2)</subfield></datafield><datafield ind1=" " ind2=" " tag="500"><subfield code="a">Durée du film: 82 min.</subfield></datafield><datafield ind1=" " ind2=" " tag="500"><subfield code="a">Données vidéo</subfield></datafield><datafield ind1=" " ind2=" " tag="508"><subfield code="a">Dir. de la photogr. George E. Diskant ; montage Roland Gross ; dir. artistique Ralph Berger &amp; Albert S. D'Agostino</subfield></datafield><datafield ind1="0" ind2=" " tag="511"><subfield code="a">Robert Ryan ; Ida Lupino ; Ward Bond ; Charles Kemper ; Anthony Ross ; Ed Begley ; Ian Wolfe... et al</subfield></datafield><datafield ind1=" " ind2="7" tag="655"><subfield code="a">DVD</subfield><subfield code="0">(IDREF)035108444</subfield><subfield code="2">idref</subfield></datafield><datafield ind1=" " ind2="7" tag="655"><subfield code="a">Films de fiction</subfield><subfield code="0">(IDREF)14779644X</subfield><subfield code="2">idref</subfield></datafield><datafield ind1="1" ind2=" " tag="700"><subfield code="a">Ray, Nicholas</subfield><subfield code="0">(RERO)A003730349</subfield></datafield><datafield ind1="1" ind2=" " tag="700"><subfield code="a">Bezzerides, Albert Isaac</subfield><subfield code="0">(RERO)A003003235</subfield></datafield><datafield ind1="1" ind2=" " tag="700"><subfield code="a">Herrmann, Bernard</subfield><subfield code="0">(RERO)A003367079</subfield></datafield><datafield ind1="1" ind2=" " tag="700"><subfield code="a">Houseman, John</subfield><subfield code="0">(RERO)A003385195</subfield></datafield><datafield ind1="1" ind2="2" tag="700"><subfield code="a">Butler, Gerard</subfield><subfield code="t">Mad with much head</subfield></datafield><datafield ind1="1" ind2=" " tag="700"><subfield code="a">Butler, Gerard</subfield></datafield><datafield ind1=" " ind2="0" tag="830"><subfield code="a">RKO</subfield><subfield code="v">24</subfield><subfield code="w">(RERO)R003534479-41slsp</subfield></datafield></record>
</metadata></record>