<record><header><identifier>oai:alma.41SLSP_UGE:991000789229705502</identifier><datestamp>2023-10-08T04:45:05Z</datestamp><setSpec>uge_bcen_RapidILL_BOOK</setSpec><setSpec>uge_aaca_RapidILL_BOOK</setSpec><setSpec>uge_abels_RapidILL_BOOK</setSpec><setSpec>uge_dbu_RapidILL_BOOK</setSpec><setSpec>uge_cmu_RapidILL_BOOK</setSpec><setSpec>uge_mail_RapidILL_BOOK</setSpec><setSpec>uge_abbat_RapidILL_BOOK</setSpec><setSpec>UNIGE_ALL</setSpec><setSpec>uge_aobs_RapidILL_BOOK</setSpec><setSpec>uge_acar_RapidILL_BOOK</setSpec></header><metadata>
<record xmlns="http://www.loc.gov/MARC21/slim" xmlns:xsi="http://www.w3.org/2001/XMLSchema-instance" xsi:schemaLocation="http://www.loc.gov/MARC21/slim http://www.loc.gov/standards/marcxml/schema/MARC21slim.xsd"><leader>04413nam a2200721 c 4500</leader><controlfield tag="001">991000789229705502</controlfield><controlfield tag="005">20230702060928.0</controlfield><controlfield tag="008">201011s2003    sz            10| | ita  </controlfield><datafield ind1=" " ind2=" " tag="020"><subfield code="a">8877951338</subfield></datafield><datafield ind1=" " ind2=" " tag="035"><subfield code="a">(swissbib)225700107-41slsp_network</subfield></datafield><datafield ind1=" " ind2=" " tag="035"><subfield code="a">225700107</subfield><subfield code="9">ExL</subfield></datafield><datafield ind1=" " ind2=" " tag="035"><subfield code="a">(IDSSG)000724114HSB01</subfield></datafield><datafield ind1=" " ind2=" " tag="035"><subfield code="a">(RERO)R003841650-41slsp</subfield></datafield><datafield ind1=" " ind2=" " tag="035"><subfield code="a">(NEBIS)005036032EBI01</subfield></datafield><datafield ind1=" " ind2=" " tag="035"><subfield code="a">(SBT)000260767SBT01</subfield></datafield><datafield ind1=" " ind2=" " tag="035"><subfield code="a">(EXLNZ-41SLSP_NETWORK)991051567859705501</subfield></datafield><datafield ind1=" " ind2=" " tag="040"><subfield code="a">SzZuIDS NEBIS SUPSI</subfield><subfield code="b">ger</subfield><subfield code="e">rda</subfield><subfield code="d">CH-ZuSLS</subfield></datafield><datafield ind1="0" ind2=" " tag="041"><subfield code="a">ita</subfield><subfield code="a">fre</subfield></datafield><datafield ind1=" " ind2=" " tag="044"><subfield code="a">sz</subfield><subfield code="c">ch-ti</subfield></datafield><datafield ind1=" " ind2="7" tag="072"><subfield code="a">sp</subfield><subfield code="2">rero</subfield></datafield><datafield ind1="2" ind2=" " tag="111"><subfield code="a">Istituzioni, partecipazione, cittadinanza</subfield><subfield code="g">Veranstaltung</subfield><subfield code="d">2001</subfield><subfield code="c">Bellinzona</subfield><subfield code="0">(DE-588)1084029898</subfield></datafield><datafield ind1="1" ind2="0" tag="245"><subfield code="a">&lt;&lt;La&gt;&gt; politica allo specchio</subfield><subfield code="b">istituzioni, partecipazione e formazione alla cittadinanza</subfield><subfield code="c">a cura di Oscar Mazzoleni</subfield></datafield><datafield ind1=" " ind2="1" tag="264"><subfield code="a">Lugano</subfield><subfield code="b">Giampiero Casagrande editore</subfield><subfield code="c">[2003]</subfield></datafield><datafield ind1=" " ind2="4" tag="264"><subfield code="c">© 2003</subfield></datafield><datafield ind1=" " ind2=" " tag="300"><subfield code="a">369 p.</subfield><subfield code="b">ill.</subfield><subfield code="c">21 cm</subfield></datafield><datafield ind1=" " ind2=" " tag="336"><subfield code="b">txt</subfield><subfield code="2">rdacontent</subfield></datafield><datafield ind1=" " ind2=" " tag="337"><subfield code="b">n</subfield><subfield code="2">rdamedia</subfield></datafield><datafield ind1=" " ind2=" " tag="338"><subfield code="b">nc</subfield><subfield code="2">rdacarrier</subfield></datafield><datafield ind1="1" ind2=" " tag="490"><subfield code="a">Dibattiti &amp; Documenti</subfield><subfield code="v">4</subfield></datafield><datafield ind1=" " ind2=" " tag="500"><subfield code="a">Beiträge des internationalen Kongresses &quot;Istituzioni, partecipazione, cittadinanza&quot;, Bellinzona, 18.-19. Mai 2001</subfield></datafield><datafield ind1=" " ind2=" " tag="500"><subfield code="a">Testi in italiano e francese</subfield></datafield><datafield ind1=" " ind2=" " tag="546"><subfield code="a">Texte in Italienisch und Französisch</subfield></datafield><datafield ind1=" " ind2="7" tag="650"><subfield code="a">Politische Beteiligung</subfield><subfield code="0">(DE-588)4076215-4</subfield><subfield code="2">gnd</subfield></datafield><datafield ind1=" " ind2="7" tag="650"><subfield code="a">Politische Bildung</subfield><subfield code="0">(DE-588)4046526-3</subfield><subfield code="2">gnd</subfield></datafield><datafield ind1=" " ind2="7" tag="650"><subfield code="a">Demokratie</subfield><subfield code="0">(DE-588)4011413-2</subfield><subfield code="2">gnd</subfield></datafield><datafield ind1=" " ind2="7" tag="650"><subfield code="a">Démocratie</subfield><subfield code="0">(IDREF)027358054</subfield><subfield code="2">idref</subfield></datafield><datafield ind1=" " ind2="7" tag="650"><subfield code="a">citoyen</subfield><subfield code="0">(RERO)A010065344</subfield><subfield code="2">rerovoc</subfield></datafield><datafield ind1=" " ind2="7" tag="650"><subfield code="a">Confiance</subfield><subfield code="0">(IDREF)033845344</subfield><subfield code="2">idref</subfield></datafield><datafield ind1=" " ind2="7" tag="650"><subfield code="a">Institutions politiques</subfield><subfield code="0">(IDREF)027994775</subfield><subfield code="2">idref</subfield></datafield><datafield ind1=" " ind2="7" tag="650"><subfield code="a">Citoyenneté</subfield><subfield code="0">(IDREF)02934400X</subfield><subfield code="2">idref</subfield></datafield><datafield ind1=" " ind2="7" tag="650"><subfield code="a">Éducation à la citoyenneté</subfield><subfield code="0">(IDREF)027553116</subfield><subfield code="2">idref</subfield></datafield><datafield ind1=" " ind2="7" tag="650"><subfield code="a">Pouvoir (sciences sociales)</subfield><subfield code="0">(IDREF)027365581</subfield><subfield code="2">idref</subfield></datafield><datafield ind1=" " ind2="7" tag="650"><subfield code="a">RELATIONSHIP BETWEEN STATE AND PEOPLE (INTERNAL POLITICS)</subfield><subfield code="9">eng</subfield><subfield code="0">(ETHUDK)000010156</subfield><subfield code="2">ethudk</subfield></datafield><datafield ind1=" " ind2="7" tag="650"><subfield code="a">Partecipazione politica</subfield><subfield code="0">(SBT12)000025769</subfield><subfield code="2">sbt12</subfield></datafield><datafield ind1=" " ind2="7" tag="650"><subfield code="a">Democrazia</subfield><subfield code="0">(SBT12)000013382</subfield><subfield code="2">sbt12</subfield></datafield><datafield ind1=" " ind2="4" tag="650"><subfield code="a">Giovani</subfield><subfield code="x">partecipazione politica</subfield><subfield code="z">Svizzera</subfield></datafield><datafield ind1=" " ind2="4" tag="650"><subfield code="a">Cittadinanza</subfield><subfield code="x">educazione</subfield></datafield><datafield ind1=" " ind2="4" tag="650"><subfield code="a">Cittadinanza e mezzi di informazione</subfield></datafield><datafield ind1=" " ind2="7" tag="655"><subfield code="a">Konferenzschrift</subfield><subfield code="z">Bellinzona</subfield><subfield code="y">2001</subfield><subfield code="2">gnd-content</subfield></datafield><datafield ind1=" " ind2="7" tag="655"><subfield code="a">Actes de congrès</subfield><subfield code="0">(IDREF)02886431X</subfield><subfield code="2">idref</subfield></datafield><datafield ind1=" " ind2=" " tag="690"><subfield code="a">Et; Staatsangehörigkeit; Politik; En; Suisse; Index; Beteiligung; Jugendliche; Bürgerschaft; Formation; Demokratie; Institution; Medium; Spiegel; Krise; Antenne; Dynamik; Geschichte; Rundfunk; Schule; Charles; Daniel; Zeitalter; Agostini; Farce; Feld; Galli; Mond; Perspektive</subfield><subfield code="2">idssg-J</subfield></datafield><datafield ind1=" " ind2=" " tag="690"><subfield code="a">Teilnahme</subfield><subfield code="2">idssg-J</subfield></datafield><datafield ind1=" " ind2=" " tag="690"><subfield code="a">schweizer Rundfunk; demokratische Krise; demokratische Magersucht; globale Bestreitung; kulturelle Rolle; wesentlicher Schweizer; zeitgenössische Demokratie; öffentlichrechtlicher Rundfunk</subfield><subfield code="2">idssg-J</subfield></datafield><datafield ind1=" " ind2=" " tag="690"><subfield code="a">Europa C4E</subfield><subfield code="2">idssg-J</subfield></datafield><datafield ind1=" " ind2=" " tag="690"><subfield code="a">Alfio Mastropaolo Sur lhumeur; Angelo Agostini; Aux Luttes fragmentaires; Bestreitung aux Luttes fragmentaires Dominique Gros Jugend; Beteiligung électorale en Suisse Boris Wernli Verpflichtungs politique; Boris Wernli Verpflichtungs politique; Charles Heimberg; Citoyenneté dans un; Daniel Gaxie; Farce nécessité ou romantisme Roland Keichenbach; Feld Studien Oscar Mazzoleni; Jeunes en Suisse; Matthew Gianni; Mazzoleni Giampiero Casagrande; Nécessité ou romantisme; Oscar Mazzoleni Giampiero Casagrande Index; Oscar Mazzoleni Krise; Rolle Theo Mäusli Schule; Schweizer Glossar Index; Silvano Belligni; Spiegel Politik Institutionen; Staatsbürgerschaft Italo Moscati Informationen Demokratie; Vorwort Giorgio Galli Einführung Andrea Ghiringhelli; Wernli Verpflichtungs politique; XlXe et le XXe; Yves Deloye; éducation citoyenne dans; électorale en Suisse</subfield><subfield code="2">idssg-J</subfield></datafield><datafield ind1=" " ind2=" " tag="691"><subfield code="e">323.6</subfield><subfield code="a">Diritti di cittadinanza e soggetti connessi</subfield><subfield code="2">usi-TE</subfield></datafield><datafield ind1="1" ind2=" " tag="700"><subfield code="a">Mazzoleni, Oscar</subfield><subfield code="d">1968-</subfield><subfield code="0">(DE-588)1036945898</subfield><subfield code="4">edt</subfield><subfield code="6">880-02</subfield></datafield><datafield ind1="1" ind2=" " tag="880"><subfield code="6">700-02</subfield><subfield code="a">Mazzoleni, Oscar</subfield><subfield code="d">1968-....</subfield><subfield code="0">(IDREF)050663151</subfield></datafield><datafield ind1="2" ind2=" " tag="711"><subfield code="a">Istituzioni, partecipazione, cittadinanza</subfield></datafield><datafield ind1="4" ind2=" " tag="856"><subfield code="u">https://tools.unisg.ch/url/hm00443714</subfield><subfield code="z">Inhaltsverzeichnis</subfield></datafield><datafield ind1=" " ind2="0" tag="830"><subfield code="a">Dibattiti &amp; documenti</subfield><subfield code="v">4</subfield><subfield code="w">(NEBIS)004938070EBI01</subfield></datafield><datafield ind1=" " ind2="0" tag="830"><subfield code="a">Dibattiti &amp; documenti</subfield><subfield code="v">4</subfield><subfield code="w">(IDSSG)000716151HSB01</subfield></datafield><datafield ind1=" " ind2=" " tag="900"><subfield code="a">IDST9lobc-sagg201512</subfield></datafield><datafield ind1=" " ind2=" " tag="949"><subfield code="a">https://tools.unisg.ch/url/hm00443714</subfield></datafield></record>
</metadata></record>