<record><header><identifier>oai:alma.41SLSP_UGE:991000789439705502</identifier><datestamp>2023-03-01T01:09:21Z</datestamp><setSpec>uge_bcen_RapidILL_BOOK</setSpec><setSpec>uge_aaca_RapidILL_BOOK</setSpec><setSpec>uge_abels_RapidILL_BOOK</setSpec><setSpec>uge_dbu_RapidILL_BOOK</setSpec><setSpec>uge_cmu_RapidILL_BOOK</setSpec><setSpec>uge_mail_RapidILL_BOOK</setSpec><setSpec>UNIGE_ALL</setSpec><setSpec>uge_abbat_RapidILL_BOOK</setSpec><setSpec>uge_aobs_RapidILL_BOOK</setSpec><setSpec>uge_acar_RapidILL_BOOK</setSpec></header><metadata>
<record xmlns="http://www.loc.gov/MARC21/slim" xmlns:xsi="http://www.w3.org/2001/XMLSchema-instance" xsi:schemaLocation="http://www.loc.gov/MARC21/slim http://www.loc.gov/standards/marcxml/schema/MARC21slim.xsd"><leader>01518nam a2200349 c 4500</leader><controlfield tag="001">991000789439705502</controlfield><controlfield tag="005">20230216211636.0</controlfield><controlfield tag="008">951106s1995    gw ||||| |||| 00| ||lat d</controlfield><datafield ind1=" " ind2=" " tag="020"><subfield code="a">3110145154</subfield><subfield code="q">vol. imprimé</subfield></datafield><datafield ind1=" " ind2=" " tag="020"><subfield code="a">3110143046</subfield><subfield code="q">microfiches</subfield></datafield><datafield ind1="7" ind2=" " tag="024"><subfield code="a">http://catalogue.bnf.fr/ark:/12148/cb375494965</subfield><subfield code="2">uri</subfield></datafield><datafield ind1=" " ind2=" " tag="035"><subfield code="a">(swissbib)090547004-41slsp_network</subfield></datafield><datafield ind1=" " ind2=" " tag="035"><subfield code="a">090547004</subfield><subfield code="9">ExL</subfield></datafield><datafield ind1=" " ind2=" " tag="035"><subfield code="a">(RERO)2103789-41slsp</subfield></datafield><datafield ind1=" " ind2=" " tag="035"><subfield code="a">(EXLNZ-41SLSP_NETWORK)991136811129705501</subfield></datafield><datafield ind1=" " ind2=" " tag="040"><subfield code="a">RERO labcud</subfield><subfield code="d">CH-ZuSLS</subfield></datafield><datafield ind1=" " ind2="7" tag="072"><subfield code="a">la</subfield><subfield code="2">rero</subfield></datafield><datafield ind1="1" ind2=" " tag="080"><subfield code="a">930.271(37)</subfield></datafield><datafield ind1="0" ind2="0" tag="245"><subfield code="a">Inscriptiones Hispaniae latinae</subfield><subfield code="c">consilio et auctoritate Academiae scientiarum Berolensis et Brandenburgensis editae ; curantibus Géza Alföldy... [et al.].</subfield><subfield code="n">Pars 7</subfield><subfield code="p">Conventus Cordubensis / ed. Armin U. Stylow ; adiuvantibus Cristóbal González Román et Géza Alföldy</subfield></datafield><datafield ind1=" " ind2=" " tag="250"><subfield code="a">Ed. altera</subfield></datafield><datafield ind1=" " ind2="1" tag="264"><subfield code="a">Berolini</subfield><subfield code="a">Novi Eboraci</subfield><subfield code="b">G. de Gruyter</subfield><subfield code="c">1995</subfield></datafield><datafield ind1=" " ind2=" " tag="300"><subfield code="a">1 volume (pagination multiple)</subfield><subfield code="b">ill.</subfield><subfield code="c">40 cm</subfield><subfield code="e">10 microfiches</subfield><subfield code="c">11 x 15 cm</subfield></datafield><datafield ind1=" " ind2=" " tag="336"><subfield code="b">txt</subfield><subfield code="2">rdacontent</subfield></datafield><datafield ind1=" " ind2=" " tag="337"><subfield code="b">n</subfield><subfield code="2">rdamedia</subfield></datafield><datafield ind1=" " ind2=" " tag="338"><subfield code="b">nc</subfield><subfield code="2">rdacarrier</subfield></datafield><datafield ind1="1" ind2=" " tag="490"><subfield code="a">Corpus inscriptionum latinarum.</subfield><subfield code="v">Vol. 2, pars 7</subfield></datafield><datafield ind1=" " ind2="7" tag="650"><subfield code="a">Inscriptions latines</subfield><subfield code="0">(IDREF)027278212</subfield><subfield code="2">idref</subfield></datafield><datafield ind1=" " ind2="7" tag="651"><subfield code="a">Cordoue (Espagne, province)</subfield><subfield code="0">(RERO)A009979987</subfield><subfield code="2">rero</subfield></datafield><datafield ind1=" " ind2="7" tag="655"><subfield code="a">[corpus]</subfield><subfield code="2">rerovoc</subfield><subfield code="0">(RERO)A009950030</subfield></datafield><datafield ind1="1" ind2=" " tag="700"><subfield code="a">Stylow, Armin U.</subfield><subfield code="d">1941-....</subfield><subfield code="0">(IDREF)030694779</subfield></datafield><datafield ind1=" " ind2="0" tag="830"><subfield code="a">Inscriptiones Hispaniae latinae</subfield><subfield code="v">7</subfield></datafield><datafield ind1=" " ind2=" " tag="830"><subfield code="a">Corpus inscriptionum Latinarum</subfield><subfield code="v">2,7</subfield><subfield code="w">(RERO)0080758-41slsp</subfield></datafield><datafield ind1=" " ind2=" " tag="900"><subfield code="a">REROnoselfmerge</subfield></datafield></record>
</metadata></record>