<record><header><identifier>oai:alma.41SLSP_UGE:991000789539705502</identifier><datestamp>2023-06-26T00:15:31Z</datestamp><setSpec>UNIGE_ALL</setSpec></header><metadata>
<record xmlns="http://www.loc.gov/MARC21/slim" xmlns:xsi="http://www.w3.org/2001/XMLSchema-instance" xsi:schemaLocation="http://www.loc.gov/MARC21/slim http://www.loc.gov/standards/marcxml/schema/MARC21slim.xsd"><leader>02694ngm a22005657c 4500</leader><controlfield tag="001">991000789539705502</controlfield><controlfield tag="005">20230625173251.0</controlfield><controlfield tag="007">vd |v||||</controlfield><controlfield tag="008">201011s2002    fr ||| |          v|fre d</controlfield><datafield ind1="3" ind2=" " tag="024"><subfield code="a">3346030009567</subfield></datafield><datafield ind1="5" ind2="2" tag="028"><subfield code="a">000956</subfield></datafield><datafield ind1=" " ind2=" " tag="035"><subfield code="a">(swissbib)212299611-41slsp_network</subfield></datafield><datafield ind1=" " ind2=" " tag="035"><subfield code="a">212299611</subfield><subfield code="9">ExL</subfield></datafield><datafield ind1=" " ind2=" " tag="035"><subfield code="a">(RERO)R003190520-41slsp</subfield></datafield><datafield ind1=" " ind2=" " tag="035"><subfield code="a">(NEBIS)005020016EBI01</subfield></datafield><datafield ind1=" " ind2=" " tag="035"><subfield code="a">(EXLNZ-41SLSP_NETWORK)991160756649705501</subfield></datafield><datafield ind1=" " ind2=" " tag="040"><subfield code="a">RERO labcur</subfield><subfield code="d">CH-ZuSLS</subfield></datafield><datafield ind1=" " ind2="7" tag="072"><subfield code="a">ba</subfield><subfield code="2">rero</subfield></datafield><datafield ind1=" " ind2="7" tag="072"><subfield code="a">ss</subfield><subfield code="2">rero</subfield></datafield><datafield ind1="1" ind2=" " tag="080"><subfield code="a">DVDF 2000</subfield></datafield><datafield ind1="0" ind2="0" tag="245"><subfield code="a">Fatou la malienne</subfield><subfield code="c">un film de Daniel Vigne ; scénario de Chantal Renaud</subfield></datafield><datafield ind1=" " ind2="1" tag="264"><subfield code="a">[Paris]</subfield><subfield code="b">Ed. M. Montparnasse</subfield><subfield code="c">[2002]</subfield></datafield><datafield ind1=" " ind2="4" tag="264"><subfield code="c">© 2002</subfield></datafield><datafield ind1=" " ind2=" " tag="300"><subfield code="a">1 DVD vidéo</subfield><subfield code="b">couleur PAL</subfield></datafield><datafield ind1=" " ind2=" " tag="336"><subfield code="b">tdi</subfield><subfield code="2">rdacontent</subfield></datafield><datafield ind1=" " ind2=" " tag="337"><subfield code="b">v</subfield><subfield code="2">rdamedia</subfield></datafield><datafield ind1=" " ind2=" " tag="338"><subfield code="b">vd</subfield><subfield code="2">rdacarrier</subfield></datafield><datafield ind1=" " ind2=" " tag="385"><subfield code="a">Tous publics</subfield><subfield code="2">rero</subfield></datafield><datafield ind1=" " ind2=" " tag="500"><subfield code="a">Format: écran : 1.66, 16/9, compatible 4/3 (zone 2)</subfield></datafield><datafield ind1=" " ind2=" " tag="500"><subfield code="a">Une prod.: France 2 - Cineteve, cop. 2000</subfield></datafield><datafield ind1=" " ind2=" " tag="500"><subfield code="a">Durée du film: 100 min.</subfield></datafield><datafield ind1="0" ind2=" " tag="505"><subfield code="a">Comporte également: Interview du réalisateur Daniel Vigne et de l'actrice principale Fatou N'Diaye ; interview de la productrice Fabienne Servan Schreiber ; bandes-annonces ; chapitrage ; menu animé</subfield></datafield><datafield ind1=" " ind2=" " tag="508"><subfield code="a">Produit par Fabienne Servan Schreiber</subfield></datafield><datafield ind1=" " ind2=" " tag="508"><subfield code="a">Producteur éxécutif : Jean-Pierre Faye</subfield></datafield><datafield ind1="0" ind2=" " tag="511"><subfield code="a">Interpr. : Fatou N'Diaye</subfield></datafield><datafield ind1="0" ind2=" " tag="511"><subfield code="a">Comédiens : Fatou N'Diaye, Elodie Navarre, Paulin F. Fodouop</subfield></datafield><datafield ind1="8" ind2=" " tag="520"><subfield code="a">Inspiré d'un fait divers, ce film met en scène la réalité que vivent certaines jeunes filles africaines en Occident. Instruites, élevées dans la modernité à l'extérieur de la maison, elles subissent malgré tout les coutumes ancestrales quand vient le temps du mariage. Mais Fatou qui rêve d'un autre avenir ne se laissera pas faire, provoquant un scandale qui secouera toute sa communauté.</subfield><subfield code="5">RERO/geumem/09.2003</subfield></datafield><datafield ind1=" " ind2=" " tag="534"><subfield code="t">Version DVD du film de 2000</subfield></datafield><datafield ind1=" " ind2=" " tag="538"><subfield code="a">Ländercode 2</subfield></datafield><datafield ind1=" " ind2="7" tag="650"><subfield code="a">CINÉMATOGRAPHIE + FILMS</subfield><subfield code="9">fre</subfield><subfield code="0">(ETHUDK)000036022</subfield><subfield code="2">ethudk</subfield></datafield><datafield ind1=" " ind2="7" tag="650"><subfield code="a">DIGITAL VERSATILE DISC, DVD (FORME DES DOCUMENTS)</subfield><subfield code="9">fre</subfield><subfield code="0">(ETHUDK)000062823</subfield><subfield code="2">ethudk</subfield></datafield><datafield ind1=" " ind2="7" tag="650"><subfield code="a">FRANCE (EUROPE DE L'OUEST). RÉPUBLIQUE FRANÇAISE</subfield><subfield code="9">fre</subfield><subfield code="0">(ETHUDK)000003272</subfield><subfield code="2">ethudk</subfield></datafield><datafield ind1=" " ind2="7" tag="655"><subfield code="a">DVD</subfield><subfield code="0">(IDREF)035108444</subfield><subfield code="2">idref</subfield></datafield><datafield ind1=" " ind2="7" tag="655"><subfield code="a">Films de fiction</subfield><subfield code="0">(IDREF)14779644X</subfield><subfield code="2">idref</subfield></datafield><datafield ind1="1" ind2=" " tag="700"><subfield code="a">Faye, Jean-Pierre</subfield></datafield><datafield ind1="1" ind2=" " tag="700"><subfield code="a">N'Diaye, Fatou</subfield></datafield><datafield ind1="1" ind2=" " tag="700"><subfield code="a">Navarre, Elodie</subfield></datafield><datafield ind1="1" ind2=" " tag="700"><subfield code="a">Fodouop, Paulin F.</subfield></datafield><datafield ind1="1" ind2=" " tag="700"><subfield code="a">Renaud, Chantal</subfield><subfield code="c">scénariste</subfield><subfield code="d">19..-....</subfield><subfield code="0">(IDREF)069916764</subfield></datafield><datafield ind1="1" ind2=" " tag="700"><subfield code="a">Vigne, Daniel</subfield><subfield code="d">1942-</subfield><subfield code="0">(DE-588)132335646</subfield><subfield code="6">880-03</subfield></datafield><datafield ind1="1" ind2=" " tag="880"><subfield code="6">700-03</subfield><subfield code="a">Vigne, Daniel</subfield><subfield code="c">cinéaste</subfield><subfield code="d">1942-....</subfield><subfield code="0">(IDREF)027185095</subfield></datafield></record>
</metadata></record>