<record><header><identifier>oai:alma.41SLSP_UGE:991000789339705502</identifier><datestamp>2024-09-11T00:26:36Z</datestamp><setSpec>uge_bcen_RapidILL_BOOK</setSpec><setSpec>uge_aaca_RapidILL_BOOK</setSpec><setSpec>uge_abels_RapidILL_BOOK</setSpec><setSpec>uge_dbu_RapidILL_BOOK</setSpec><setSpec>uge_cmu_RapidILL_BOOK</setSpec><setSpec>uge_mail_RapidILL_BOOK</setSpec><setSpec>uge_abbat_RapidILL_BOOK</setSpec><setSpec>UNIGE_ALL</setSpec><setSpec>uge_acar_RapidILL_BOOK</setSpec><setSpec>uge_aobs_RapidILL_BOOK</setSpec></header><metadata>
<record xmlns="http://www.loc.gov/MARC21/slim" xmlns:xsi="http://www.w3.org/2001/XMLSchema-instance" xsi:schemaLocation="http://www.loc.gov/MARC21/slim http://www.loc.gov/standards/marcxml/schema/MARC21slim.xsd"><leader>03240nam a2200841 c 4500</leader><controlfield tag="001">991000789339705502</controlfield><controlfield tag="005">20240910113238.0</controlfield><controlfield tag="008">201012s1994    gw ||||| |||| 00| ||ger d</controlfield><datafield ind1=" " ind2=" " tag="019"><subfield code="a">Preuss, Ulrich Klaus (1939-). Böckenförde, Ernst-Wolfgang (1930-)</subfield></datafield><datafield ind1=" " ind2=" " tag="020"><subfield code="a">3596122465</subfield><subfield code="c">DM 26.90</subfield></datafield><datafield ind1=" " ind2=" " tag="035"><subfield code="a">(swissbib)235393177-41slsp_network</subfield></datafield><datafield ind1=" " ind2=" " tag="035"><subfield code="a">235393177</subfield><subfield code="9">ExL</subfield></datafield><datafield ind1=" " ind2=" " tag="035"><subfield code="a">(RERO)R216831560-41slsp</subfield></datafield><datafield ind1=" " ind2=" " tag="035"><subfield code="a">(IDSBB)001040636DSV01</subfield></datafield><datafield ind1=" " ind2=" " tag="035"><subfield code="a">(IDSLU)000370531ILU01</subfield></datafield><datafield ind1=" " ind2=" " tag="035"><subfield code="a">(NEBIS)001451915EBI01</subfield></datafield><datafield ind1=" " ind2=" " tag="035"><subfield code="a">(IDSSG)000078727HSB01</subfield></datafield><datafield ind1=" " ind2=" " tag="035"><subfield code="a">(EXLNZ-41SLSP_NETWORK)991077656659705501</subfield></datafield><datafield ind1=" " ind2=" " tag="040"><subfield code="a">RERO geubib</subfield><subfield code="d">CH-ZuSLS</subfield></datafield><datafield ind1=" " ind2="7" tag="072"><subfield code="a">dr</subfield><subfield code="2">rero</subfield></datafield><datafield ind1=" " ind2="7" tag="072"><subfield code="a">rg</subfield><subfield code="2">SzZuIDS BS/BE</subfield></datafield><datafield ind1=" " ind2="7" tag="072"><subfield code="a">ph</subfield><subfield code="2">SzZuIDS BS/BE</subfield></datafield><datafield ind1=" " ind2="7" tag="072"><subfield code="a">800</subfield><subfield code="2">IDS LU</subfield></datafield><datafield ind1="0" ind2="4" tag="082"><subfield code="a">342</subfield></datafield><datafield ind1=" " ind2=" " tag="084"><subfield code="a">A 34 g</subfield><subfield code="2">cjurrom</subfield></datafield><datafield ind1=" " ind2=" " tag="084"><subfield code="a">CC 7600</subfield><subfield code="2">rvk</subfield></datafield><datafield ind1=" " ind2=" " tag="084"><subfield code="a">ME 4000</subfield><subfield code="2">rvk</subfield></datafield><datafield ind1=" " ind2=" " tag="084"><subfield code="a">PK 250</subfield><subfield code="2">rvk</subfield></datafield><datafield ind1="0" ind2="0" tag="245"><subfield code="a">Zum Begriff der Verfassung</subfield><subfield code="b">die Ordnung des Politischen</subfield><subfield code="c">Ulrich K. Preuss (Hrsg.) ; mit Beiträgen von Ernst-Wolfgang Böckenförde... [et al.]</subfield></datafield><datafield ind1=" " ind2=" " tag="250"><subfield code="a">[Originalausg.]</subfield></datafield><datafield ind1=" " ind2="1" tag="264"><subfield code="a">Frankfurt am Main</subfield><subfield code="b">Fischer Taschenbuch Verl.</subfield><subfield code="c">1994</subfield></datafield><datafield ind1=" " ind2=" " tag="300"><subfield code="a">336 S.</subfield><subfield code="c">19 cm</subfield></datafield><datafield ind1=" " ind2=" " tag="336"><subfield code="b">txt</subfield><subfield code="2">rdacontent</subfield></datafield><datafield ind1=" " ind2=" " tag="337"><subfield code="b">n</subfield><subfield code="2">rdamedia</subfield></datafield><datafield ind1=" " ind2=" " tag="338"><subfield code="b">nc</subfield><subfield code="2">rdacarrier</subfield></datafield><datafield ind1="0" ind2=" " tag="490"><subfield code="a">Fischer-Bücherei</subfield><subfield code="a">Philosophie der Gegenwart</subfield><subfield code="v">12246</subfield></datafield><datafield ind1="1" ind2=" " tag="490"><subfield code="a">Fischer Taschenbuch</subfield><subfield code="v">12246. Philosophie der Gegenwart</subfield></datafield><datafield ind1="0" ind2=" " tag="490"><subfield code="a">Philosophie der Gegenwart</subfield></datafield><datafield ind1=" " ind2=" " tag="504"><subfield code="a">Literaturverz.: S. 333-335</subfield></datafield><datafield ind1=" " ind2="7" tag="650"><subfield code="a">Droit constitutionnel</subfield><subfield code="0">(IDREF)02726095X</subfield><subfield code="2">idref</subfield></datafield><datafield ind1=" " ind2="7" tag="650"><subfield code="a">Philosophie</subfield><subfield code="0">(IDREF)027295206</subfield><subfield code="2">idref</subfield></datafield><datafield ind1=" " ind2="7" tag="650"><subfield code="a">Droit</subfield><subfield code="0">(IDREF)027466868</subfield><subfield code="2">idref</subfield></datafield><datafield ind1=" " ind2="7" tag="650"><subfield code="a">Verfassung</subfield><subfield code="2">idsbb</subfield></datafield><datafield ind1=" " ind2="7" tag="650"><subfield code="a">Rechtsphilosophie</subfield><subfield code="2">idszbz</subfield></datafield><datafield ind1=" " ind2="7" tag="650"><subfield code="a">Verfassung</subfield><subfield code="2">idszbz</subfield></datafield><datafield ind1=" " ind2="7" tag="650"><subfield code="a">Politische Philosophie</subfield><subfield code="2">idszbz</subfield></datafield><datafield ind1=" " ind2="7" tag="650"><subfield code="a">Rechtsphilosophie</subfield><subfield code="0">(DE-588)4048821-4</subfield><subfield code="2">gnd</subfield></datafield><datafield ind1=" " ind2="7" tag="650"><subfield code="a">Politische Wissenschaft</subfield><subfield code="0">(DE-588)4076229-4</subfield><subfield code="2">gnd</subfield></datafield><datafield ind1=" " ind2="0" tag="650"><subfield code="a">Constitutional history</subfield></datafield><datafield ind1=" " ind2="0" tag="650"><subfield code="a">Constitutional law</subfield></datafield><datafield ind1=" " ind2="0" tag="650"><subfield code="a">Democracy</subfield></datafield><datafield ind1=" " ind2="0" tag="650"><subfield code="a">State, The</subfield></datafield><datafield ind1=" " ind2="7" tag="650"><subfield code="a">Verfassung</subfield><subfield code="0">(DE-588)4062787-1</subfield><subfield code="2">gnd</subfield></datafield><datafield ind1=" " ind2="7" tag="650"><subfield code="a">Begriff</subfield><subfield code="0">(DE-588)4005248-5</subfield><subfield code="2">gnd</subfield></datafield><datafield ind1=" " ind2="7" tag="650"><subfield code="a">Demokratie</subfield><subfield code="0">(DE-588)4011413-2</subfield><subfield code="2">gnd</subfield></datafield><datafield ind1=" " ind2="7" tag="650"><subfield code="a">Politische Philosophie</subfield><subfield code="0">(DE-588)4076226-9</subfield><subfield code="2">gnd</subfield></datafield><datafield ind1=" " ind2="7" tag="655"><subfield code="a">[Études diverses]</subfield><subfield code="0">(RERO)A022249905</subfield><subfield code="2">rero</subfield></datafield><datafield ind1=" " ind2="7" tag="655"><subfield code="a">Aufsatzsammlung</subfield><subfield code="2">gnd-content</subfield></datafield><datafield ind1=" " ind2="7" tag="655"><subfield code="a">Aufsatzsammlung</subfield><subfield code="2">idszbz</subfield></datafield><datafield ind1=" " ind2=" " tag="690"><subfield code="a">Rechte</subfield><subfield code="2">uzb-UH</subfield></datafield><datafield ind1=" " ind2=" " tag="690"><subfield code="a">Politik</subfield><subfield code="2">uzb-UH</subfield></datafield><datafield ind1=" " ind2=" " tag="690"><subfield code="a">Normen</subfield><subfield code="2">uzb-UH</subfield></datafield><datafield ind1=" " ind2=" " tag="691"><subfield code="e">PC 34</subfield><subfield code="2">rzs-L1</subfield></datafield><datafield ind1="1" ind2=" " tag="700"><subfield code="a">Preuß, Ulrich K.</subfield><subfield code="d">1939-</subfield><subfield code="0">(DE-588)136175929</subfield></datafield><datafield ind1="1" ind2=" " tag="700"><subfield code="a">Böckenförde, Ernst-Wolfgang</subfield><subfield code="d">1930-2019</subfield><subfield code="6">880-02</subfield><subfield code="0">(DE-588)11952998X</subfield></datafield><datafield ind1="1" ind2=" " tag="880"><subfield code="6">700-02</subfield><subfield code="a">Böckenförde, Ernst-Wolfgang</subfield><subfield code="d">1930-2019</subfield><subfield code="0">(IDREF)028371291</subfield></datafield><datafield ind1="1" ind2=" " tag="700"><subfield code="a">Preuss, Ulrich Klaus</subfield><subfield code="d">1939-....</subfield><subfield code="0">(IDREF)07768799X</subfield></datafield><datafield ind1="4" ind2=" " tag="856"><subfield code="3">Inhaltsverzeichnis</subfield><subfield code="u">http://www.ub.unibas.ch/tox/IDSLUZ/000370531/PDF</subfield><subfield code="q">pdf</subfield></datafield><datafield ind1=" " ind2=" " tag="830"><subfield code="a">Fischer Taschenbücher</subfield><subfield code="v">12246</subfield><subfield code="w">(RERO)0445464-41slsp</subfield></datafield><datafield ind1=" " ind2=" " tag="900"><subfield code="a">REROnoselfmerge</subfield></datafield><datafield ind1=" " ind2=" " tag="900"><subfield code="a">IDSZ2rwimon201011</subfield><subfield code="c">IDSZ2bice</subfield></datafield><datafield ind1=" " ind2=" " tag="911"><subfield code="a">Preuss, Ulrich Klaus</subfield><subfield code="d">1939-</subfield></datafield><datafield ind1=" " ind2=" " tag="911"><subfield code="a">Böckenförde, Ernst-Wolfgang</subfield><subfield code="c">Staatsrechtler, Deutschland</subfield><subfield code="d">1930 -</subfield><subfield code="5">IDSLU/ger</subfield></datafield><datafield ind1=" " ind2=" " tag="949"><subfield code="a">http://www.ub.unibas.ch/tox/IDSLUZ/000370531/PDF</subfield></datafield></record>
</metadata></record>