<record><header><identifier>oai:alma.41SLSP_UGE:991000789319705502</identifier><datestamp>2023-03-13T01:06:16Z</datestamp><setSpec>uge_bcen_RapidILL_BOOK</setSpec><setSpec>uge_aaca_RapidILL_BOOK</setSpec><setSpec>uge_abels_RapidILL_BOOK</setSpec><setSpec>uge_dbu_RapidILL_BOOK</setSpec><setSpec>uge_cmu_RapidILL_BOOK</setSpec><setSpec>uge_mail_RapidILL_BOOK</setSpec><setSpec>uge_abbat_RapidILL_BOOK</setSpec><setSpec>UNIGE_ALL</setSpec><setSpec>uge_acar_RapidILL_BOOK</setSpec><setSpec>uge_aobs_RapidILL_BOOK</setSpec></header><metadata>
<record xmlns="http://www.loc.gov/MARC21/slim" xmlns:xsi="http://www.w3.org/2001/XMLSchema-instance" xsi:schemaLocation="http://www.loc.gov/MARC21/slim http://www.loc.gov/standards/marcxml/schema/MARC21slim.xsd"><leader>04309nam a2200673 c 4500</leader><controlfield tag="001">991000789319705502</controlfield><controlfield tag="005">20230312231212.0</controlfield><controlfield tag="008">201011s2014    xxc||||| |||| 00| ||eng d</controlfield><datafield ind1="7" ind2=" " tag="016"><subfield code="a">20139055762</subfield></datafield><datafield ind1=" " ind2=" " tag="020"><subfield code="a">9781442646025</subfield><subfield code="q">hbk.</subfield></datafield><datafield ind1=" " ind2=" " tag="020"><subfield code="a">9781442614161</subfield><subfield code="q">pbk.</subfield></datafield><datafield ind1="7" ind2=" " tag="024"><subfield code="a">http://catalogue.bnf.fr/ark:/12148/cb438870478</subfield><subfield code="2">uri</subfield></datafield><datafield ind1=" " ind2=" " tag="035"><subfield code="a">(swissbib)224231758-41slsp_network</subfield></datafield><datafield ind1=" " ind2=" " tag="035"><subfield code="a">224231758</subfield><subfield code="9">ExL</subfield></datafield><datafield ind1=" " ind2=" " tag="035"><subfield code="a">(RERO)R007679151-41slsp</subfield></datafield><datafield ind1=" " ind2=" " tag="035"><subfield code="a">(IDSBB)006269190DSV01</subfield></datafield><datafield ind1=" " ind2=" " tag="035"><subfield code="a">(OCoLC)875348874</subfield></datafield><datafield ind1=" " ind2=" " tag="035"><subfield code="a">(EXLNZ-41SLSP_NETWORK)991022908129705501</subfield></datafield><datafield ind1=" " ind2=" " tag="040"><subfield code="a">RERO neueth</subfield><subfield code="d">CH-ZuSLS</subfield></datafield><datafield ind1=" " ind2=" " tag="050"><subfield code="a">HF3830.K6</subfield><subfield code="b">E56 2014</subfield></datafield><datafield ind1=" " ind2="7" tag="072"><subfield code="a">ht</subfield><subfield code="2">rero</subfield></datafield><datafield ind1=" " ind2="7" tag="072"><subfield code="a">ng</subfield><subfield code="2">SzZuIDS BS/BE</subfield></datafield><datafield ind1=" " ind2="7" tag="072"><subfield code="a">wg</subfield><subfield code="2">SzZuIDS BS/BE</subfield></datafield><datafield ind1="1" ind2="4" tag="082"><subfield code="a">900</subfield><subfield code="2">15</subfield></datafield><datafield ind1="1" ind2="4" tag="082"><subfield code="a">330</subfield><subfield code="2">15</subfield></datafield><datafield ind1="1" ind2=" " tag="100"><subfield code="a">Ennals, Peter</subfield><subfield code="d">19..-....</subfield><subfield code="0">(IDREF)178645079</subfield><subfield code="4">cre</subfield></datafield><datafield ind1="1" ind2="0" tag="245"><subfield code="a">Opening a window to the West</subfield><subfield code="b">the foreign concession at Kōbe, Japan, 1868-1899</subfield><subfield code="c">Peter Ennals</subfield></datafield><datafield ind1=" " ind2="1" tag="264"><subfield code="a">Toronto</subfield><subfield code="b">University of Toronto Press</subfield><subfield code="c">2014</subfield></datafield><datafield ind1=" " ind2=" " tag="300"><subfield code="a">237 S.</subfield><subfield code="b">Ill., graph. Darst.</subfield></datafield><datafield ind1=" " ind2=" " tag="336"><subfield code="b">txt</subfield><subfield code="2">rdacontent</subfield></datafield><datafield ind1=" " ind2=" " tag="337"><subfield code="b">n</subfield><subfield code="2">rdamedia</subfield></datafield><datafield ind1=" " ind2=" " tag="338"><subfield code="b">nc</subfield><subfield code="2">rdacarrier</subfield></datafield><datafield ind1="0" ind2=" " tag="490"><subfield code="a">Japan and global society</subfield></datafield><datafield ind1=" " ind2=" " tag="504"><subfield code="a">Bibliography: p. 215-228 and index: p. 229-237</subfield></datafield><datafield ind1=" " ind2=" " tag="504"><subfield code="a">Includes bibliographical references (pages [214]-227) and index</subfield></datafield><datafield ind1="0" ind2=" " tag="505"><subfield code="a">1. Setting the stage: the role of ports in the encounter between East and West in Japan 2. The creation of Kōbe's foreign concession 3. Establishing municipal government and services in the concession 4. Forging an economy - the basis for mercantile trade 5. Finding a mercantile staple for Kōbe: the tea and silk trades 6. The morphology of the settlement and the development of a pleasing townscape 7. Life at the end of the world: forming an expatriate society in Kōbe 8. Measuring success in the concession.</subfield></datafield><datafield ind1="8" ind2=" " tag="520"><subfield code="a">Du site de l'éd.: After more than two centuries of self-seclusion, Japan finally opened itself to Western traders and influences in the 1850s. However, Westerners were restricted to a handful of Foreign Concessions set adjacent to selected Japanese cities, where they could fashion a working urban space suited to their own cultural patterns, and which provided the Japanese with a microscopic lens on Western ways of behaviour and commerce. Kōbe was one of these treaty ports, and its Foreign Concession, along with that at Yokohama, became the most vibrant and successful of these settlements. The first book-length study of Kōbe's Foreign Concession, Opening a Window to the West situates Kōbe within the larger pattern of globalization occurring throughout East Asia in the nineteenth century. Detailing the form and evolution of the settlement, its social and economic composition, and its specific mercantile trading features, this vivid micro-study illuminates the making of Kōbe during these critical decades of growth and development.</subfield><subfield code="5">RERO/neueth/03.2014</subfield></datafield><datafield ind1=" " ind2="7" tag="648"><subfield code="a">Geschichte 1868-1899</subfield><subfield code="2">gnd</subfield></datafield><datafield ind1=" " ind2="7" tag="650"><subfield code="a">Conditions économiques</subfield><subfield code="0">(IDREF)028626885</subfield><subfield code="2">idref</subfield></datafield><datafield ind1=" " ind2="7" tag="650"><subfield code="a">Conditions sociales</subfield><subfield code="0">(IDREF)02766435X</subfield><subfield code="2">idref</subfield></datafield><datafield ind1=" " ind2="7" tag="650"><subfield code="a">Géographie historique</subfield><subfield code="0">(IDREF)02741387X</subfield><subfield code="2">idref</subfield></datafield><datafield ind1=" " ind2="7" tag="650"><subfield code="a">Ports</subfield><subfield code="0">(IDREF)027266125</subfield><subfield code="2">idref</subfield></datafield><datafield ind1=" " ind2="7" tag="650"><subfield code="a">Concessions étrangères</subfield><subfield code="0">(IDREF)178804096</subfield><subfield code="2">idref</subfield></datafield><datafield ind1=" " ind2="7" tag="650"><subfield code="a">Commerce international</subfield><subfield code="0">(IDREF)028359380</subfield><subfield code="2">idref</subfield></datafield><datafield ind1=" " ind2="7" tag="650"><subfield code="a">1868-1899</subfield><subfield code="2">rero</subfield></datafield><datafield ind1=" " ind2="7" tag="650"><subfield code="a">19e siècle (2e moitié)</subfield><subfield code="0">(RERO)A022978627</subfield><subfield code="2">rero</subfield></datafield><datafield ind1=" " ind2="0" tag="650"><subfield code="a">Land use</subfield><subfield code="z">Japan</subfield><subfield code="z">Kōbe-shi</subfield><subfield code="x">History</subfield><subfield code="y">19th century</subfield></datafield><datafield ind1=" " ind2="0" tag="650"><subfield code="a">Concessions</subfield><subfield code="z">Japan</subfield><subfield code="z">Kōbe-shi</subfield><subfield code="x">History</subfield><subfield code="y">19th century</subfield></datafield><datafield ind1=" " ind2="7" tag="650"><subfield code="a">Konzession</subfield><subfield code="0">(DE-588)4120601-0</subfield><subfield code="2">gnd</subfield></datafield><datafield ind1=" " ind2="7" tag="650"><subfield code="a">Wirtschaft</subfield><subfield code="0">(DE-588)4066399-1</subfield><subfield code="2">gnd</subfield></datafield><datafield ind1=" " ind2="7" tag="650"><subfield code="a">Handel</subfield><subfield code="0">(DE-588)4023222-0</subfield><subfield code="2">gnd</subfield></datafield><datafield ind1=" " ind2="7" tag="651"><subfield code="a">Kōbe (Japon)</subfield><subfield code="0">(IDREF)027406253</subfield><subfield code="2">idref</subfield></datafield><datafield ind1=" " ind2="7" tag="651"><subfield code="a">Japan</subfield><subfield code="0">(DE-588)4028495-5</subfield><subfield code="2">gnd</subfield></datafield><datafield ind1=" " ind2="0" tag="651"><subfield code="a">Kōbe-shi (Japan)</subfield><subfield code="x">Economic conditions</subfield><subfield code="y">19th century</subfield></datafield><datafield ind1=" " ind2="0" tag="651"><subfield code="a">Kōbe-shi (Japan)</subfield><subfield code="x">Social conditions</subfield><subfield code="y">19th century</subfield></datafield><datafield ind1=" " ind2="0" tag="651"><subfield code="a">Kōbe-shi (Japan)</subfield><subfield code="x">Historical geography</subfield></datafield><datafield ind1=" " ind2="0" tag="651"><subfield code="a">Kōbe-shi (Japan)</subfield><subfield code="x">Commerce</subfield><subfield code="x">History</subfield><subfield code="y">19th century</subfield></datafield><datafield ind1="4" ind2=" " tag="856"><subfield code="3">Inhaltsverzeichnis</subfield><subfield code="u">http://www.ub.unibas.ch/tox/IDSBB/006269190/PDF</subfield><subfield code="q">pdf</subfield></datafield><datafield ind1=" " ind2=" " tag="900"><subfield code="a">REROnoselfmerge</subfield></datafield><datafield ind1=" " ind2=" " tag="949"><subfield code="a">http://www.ub.unibas.ch/tox/IDSBB/006269190/PDF</subfield></datafield></record>
</metadata></record>