<record><header><identifier>oai:alma.41SLSP_UGE:991000789109705502</identifier><datestamp>2023-05-03T00:50:08Z</datestamp><setSpec>uge_bcen_RapidILL_BOOK</setSpec><setSpec>uge_aaca_RapidILL_BOOK</setSpec><setSpec>uge_abels_RapidILL_BOOK</setSpec><setSpec>uge_dbu_RapidILL_BOOK</setSpec><setSpec>uge_cmu_RapidILL_BOOK</setSpec><setSpec>uge_mail_RapidILL_BOOK</setSpec><setSpec>uge_abbat_RapidILL_BOOK</setSpec><setSpec>UNIGE_ALL</setSpec><setSpec>uge_acar_RapidILL_BOOK</setSpec><setSpec>uge_aobs_RapidILL_BOOK</setSpec></header><metadata>
<record xmlns="http://www.loc.gov/MARC21/slim" xmlns:xsi="http://www.w3.org/2001/XMLSchema-instance" xsi:schemaLocation="http://www.loc.gov/MARC21/slim http://www.loc.gov/standards/marcxml/schema/MARC21slim.xsd"><leader>02878nam a2200649 c 4500</leader><controlfield tag="001">991000789109705502</controlfield><controlfield tag="005">20230502193323.0</controlfield><controlfield tag="008">201011s1989    it ||||| |||| 10| ||ita d</controlfield><datafield ind1=" " ind2=" " tag="020"><subfield code="a">8871190211</subfield></datafield><datafield ind1=" " ind2=" " tag="035"><subfield code="a">(swissbib)228241006-41slsp_network</subfield></datafield><datafield ind1=" " ind2=" " tag="035"><subfield code="a">228241006</subfield><subfield code="9">ExL</subfield></datafield><datafield ind1=" " ind2=" " tag="035"><subfield code="a">(RERO)1199918-41slsp</subfield></datafield><datafield ind1=" " ind2=" " tag="035"><subfield code="a">(IDSBB)000850971DSV01</subfield></datafield><datafield ind1=" " ind2=" " tag="035"><subfield code="a">(NEBIS)001124827EBI01</subfield></datafield><datafield ind1=" " ind2=" " tag="035"><subfield code="a">(EXLNZ-41SLSP_NETWORK)991082949039705501</subfield></datafield><datafield ind1=" " ind2=" " tag="040"><subfield code="a">RERO geulit</subfield><subfield code="d">CH-ZuSLS</subfield></datafield><datafield ind1=" " ind2="7" tag="072"><subfield code="a">it</subfield><subfield code="2">rero</subfield></datafield><datafield ind1=" " ind2="7" tag="072"><subfield code="a">it</subfield><subfield code="2">SzZuIDS BS/BE</subfield></datafield><datafield ind1="0" ind2="4" tag="082"><subfield code="a">457.632</subfield></datafield><datafield ind1="1" ind2="4" tag="082"><subfield code="a">457.632</subfield><subfield code="2">22</subfield></datafield><datafield ind1=" " ind2=" " tag="084"><subfield code="a">IS 8520</subfield><subfield code="2">rvk</subfield></datafield><datafield ind1="0" ind2="0" tag="245"><subfield code="a">&lt;&lt;Il&gt;&gt; romanesco ieri e oggi</subfield><subfield code="b">atti del convegno del Centro romanesco Trilussa e del Dipartimento di scienze del linguaggio dell'Università di Roma &quot;La Sapienza&quot;</subfield><subfield code="c">a cura di Tullio De Mauro</subfield></datafield><datafield ind1=" " ind2="1" tag="264"><subfield code="a">Roma</subfield><subfield code="b">Bulzoni</subfield><subfield code="c">1989</subfield></datafield><datafield ind1=" " ind2=" " tag="300"><subfield code="a">XXXVII, 255 S.</subfield><subfield code="c">24 cm</subfield></datafield><datafield ind1=" " ind2=" " tag="336"><subfield code="b">txt</subfield><subfield code="2">rdacontent</subfield></datafield><datafield ind1=" " ind2=" " tag="337"><subfield code="b">n</subfield><subfield code="2">rdamedia</subfield></datafield><datafield ind1=" " ind2=" " tag="338"><subfield code="b">nc</subfield><subfield code="2">rdacarrier</subfield></datafield><datafield ind1="1" ind2=" " tag="490"><subfield code="a">Pyramidion</subfield><subfield code="v">8</subfield></datafield><datafield ind1=" " ind2=" " tag="500"><subfield code="a">Il convegno si svolse a Roma il 12 e 13 ottobre 1984</subfield></datafield><datafield ind1=" " ind2=" " tag="500"><subfield code="a">Oben auf der Titelseite: Università degli Studi di Roma &quot;La Sapienza&quot;. - Convegno realizzato a Roma il 12 e 13 ottobre 1984</subfield></datafield><datafield ind1=" " ind2=" " tag="504"><subfield code="a">Literaturverz.</subfield></datafield><datafield ind1=" " ind2="7" tag="650"><subfield code="a">Italien (langue)</subfield><subfield code="0">(IDREF)027278239</subfield><subfield code="2">idref</subfield></datafield><datafield ind1=" " ind2="7" tag="650"><subfield code="a">Romain (dialecte)</subfield><subfield code="0">(IDREF)070140162</subfield><subfield code="2">idref</subfield></datafield><datafield ind1=" " ind2="7" tag="650"><subfield code="a">Littérature italienne</subfield><subfield code="0">(IDREF)027806480</subfield><subfield code="2">idref</subfield></datafield><datafield ind1=" " ind2="7" tag="650"><subfield code="a">14e siècle-20e siècle</subfield><subfield code="2">idref</subfield></datafield><datafield ind1=" " ind2="7" tag="650"><subfield code="a">Italienische Sprache</subfield><subfield code="x">Dialekt</subfield><subfield code="z">Rom</subfield><subfield code="v">Kongressbericht</subfield><subfield code="2">idsbb</subfield></datafield><datafield ind1=" " ind2="7" tag="650"><subfield code="a">Romanesco</subfield><subfield code="0">(DE-588)4202781-0</subfield><subfield code="2">gnd</subfield></datafield><datafield ind1=" " ind2="7" tag="650"><subfield code="a">Kongress</subfield><subfield code="0">(DE-588)4130470-6</subfield><subfield code="2">gnd</subfield></datafield><datafield ind1=" " ind2="7" tag="650"><subfield code="a">Mundart</subfield><subfield code="0">(DE-588)4040725-1</subfield><subfield code="2">gnd</subfield></datafield><datafield ind1=" " ind2="0" tag="650"><subfield code="a">Italian language</subfield><subfield code="x">Dialects</subfield><subfield code="z">Italy</subfield><subfield code="z">Rome</subfield><subfield code="x">History</subfield></datafield><datafield ind1=" " ind2="7" tag="651"><subfield code="a">Rome (Italie)</subfield><subfield code="0">(IDREF)02724301X</subfield><subfield code="2">idref</subfield></datafield><datafield ind1=" " ind2="7" tag="651"><subfield code="a">Rom</subfield><subfield code="g">Landkreis Ludwigslust-Parchim</subfield><subfield code="0">(DE-588)4616144-2</subfield><subfield code="2">gnd</subfield></datafield><datafield ind1=" " ind2="7" tag="655"><subfield code="a">Actes de congrès</subfield><subfield code="0">(IDREF)02886431X</subfield><subfield code="2">idref</subfield></datafield><datafield ind1=" " ind2="7" tag="655"><subfield code="a">Konferenzschrift</subfield><subfield code="z">Rom</subfield><subfield code="y">1984</subfield><subfield code="2">gnd-content</subfield></datafield><datafield ind1=" " ind2="7" tag="655"><subfield code="a">Aufsatzsammlung</subfield><subfield code="2">idszbz</subfield></datafield><datafield ind1=" " ind2="7" tag="655"><subfield code="a">Konferenzschrift</subfield><subfield code="z">Roma</subfield><subfield code="y">1984</subfield><subfield code="2">gnd-content</subfield></datafield><datafield ind1=" " ind2=" " tag="690"><subfield code="a">Dialektologie : Italienisch : Lazio</subfield><subfield code="2">uzb-VH</subfield></datafield><datafield ind1=" " ind2=" " tag="690"><subfield code="a">Belli, Giuseppe G.</subfield><subfield code="2">uzb-VH</subfield></datafield><datafield ind1="1" ind2=" " tag="700"><subfield code="a">De Mauro, Tullio</subfield><subfield code="d">1932-2017</subfield><subfield code="0">(DE-588)119386682</subfield><subfield code="6">880-02</subfield></datafield><datafield ind1="1" ind2=" " tag="880"><subfield code="6">700-02</subfield><subfield code="a">De Mauro, Tullio</subfield><subfield code="d">1932-2017</subfield><subfield code="0">(IDREF)02665363X</subfield></datafield><datafield ind1="2" ind2=" " tag="710"><subfield code="a">Centro Romanesco Trilussa</subfield><subfield code="g">Rom</subfield><subfield code="0">(DE-588)16128056-0</subfield></datafield><datafield ind1="2" ind2=" " tag="710"><subfield code="a">Università degli studi di Roma &quot;La Sapienza&quot;</subfield><subfield code="b">Dipartimento di scienze del linguaggio</subfield><subfield code="0">(DE-588)812200-3</subfield></datafield><datafield ind1="2" ind2=" " tag="710"><subfield code="a">Università di Roma</subfield><subfield code="b">Dipartimento di scienze del linguaggio</subfield><subfield code="b">Convegno</subfield><subfield code="d">1984</subfield><subfield code="c">Roma</subfield><subfield code="0">(RERO)A012325680</subfield></datafield><datafield ind1="2" ind2=" " tag="710"><subfield code="a">Centro romanesco Trilussa (Roma)</subfield><subfield code="b">Convegno</subfield><subfield code="d">1984</subfield><subfield code="c">Roma</subfield><subfield code="0">(RERO)A012325681</subfield></datafield><datafield ind1="2" ind2=" " tag="711"><subfield code="a">Convegno / Centro Romanesco Trilussa</subfield><subfield code="d">1984</subfield><subfield code="c">Roma</subfield><subfield code="0">(DE-588)109135748X</subfield></datafield><datafield ind1=" " ind2=" " tag="830"><subfield code="a">Pyramidion</subfield><subfield code="v">8</subfield><subfield code="w">(RERO)0355017-41slsp</subfield></datafield><datafield ind1=" " ind2=" " tag="900"><subfield code="a">REROnoselfmerge</subfield></datafield><datafield ind1=" " ind2=" " tag="900"><subfield code="f">IDSU2medea</subfield></datafield><datafield ind1=" " ind2=" " tag="993"><subfield code="a">BFLA 41536+1</subfield><subfield code="x">ge/ulit/d/95/321</subfield><subfield code="9">LOCAL</subfield></datafield></record>
</metadata></record>