<record><header><identifier>oai:alma.41SLSP_UGE:991000789849705502</identifier><datestamp>2023-04-10T00:46:08Z</datestamp><setSpec>uge_bcen_RapidILL_BOOK</setSpec><setSpec>uge_aaca_RapidILL_BOOK</setSpec><setSpec>uge_abels_RapidILL_BOOK</setSpec><setSpec>uge_dbu_RapidILL_BOOK</setSpec><setSpec>uge_cmu_RapidILL_BOOK</setSpec><setSpec>uge_mail_RapidILL_BOOK</setSpec><setSpec>uge_abbat_RapidILL_BOOK</setSpec><setSpec>UNIGE_ALL</setSpec><setSpec>uge_aobs_RapidILL_BOOK</setSpec><setSpec>uge_acar_RapidILL_BOOK</setSpec></header><metadata>
<record xmlns="http://www.loc.gov/MARC21/slim" xmlns:xsi="http://www.w3.org/2001/XMLSchema-instance" xsi:schemaLocation="http://www.loc.gov/MARC21/slim http://www.loc.gov/standards/marcxml/schema/MARC21slim.xsd"><leader>01962nam a2200505 c 4500</leader><controlfield tag="001">991000789849705502</controlfield><controlfield tag="005">20230409181323.0</controlfield><controlfield tag="008">201011s1976    it ||||| |||| 00| ||ita d</controlfield><datafield ind1=" " ind2=" " tag="035"><subfield code="a">(swissbib)220271496-41slsp_network</subfield></datafield><datafield ind1=" " ind2=" " tag="035"><subfield code="a">220271496</subfield><subfield code="9">ExL</subfield></datafield><datafield ind1=" " ind2=" " tag="035"><subfield code="a">(RERO)0122187-41slsp</subfield></datafield><datafield ind1=" " ind2=" " tag="035"><subfield code="a">(IDSBB)002766186DSV01</subfield></datafield><datafield ind1=" " ind2=" " tag="035"><subfield code="a">(IDSSG)000259806HSB01</subfield></datafield><datafield ind1=" " ind2=" " tag="035"><subfield code="a">(NEBIS)008860280EBI01</subfield></datafield><datafield ind1=" " ind2=" " tag="035"><subfield code="a">(EXLNZ-41SLSP_NETWORK)991021408539705501</subfield></datafield><datafield ind1=" " ind2=" " tag="040"><subfield code="a">RERO</subfield><subfield code="d">CH-ZuSLS</subfield></datafield><datafield ind1="1" ind2=" " tag="041"><subfield code="a">ita</subfield><subfield code="h">ger</subfield></datafield><datafield ind1=" " ind2="7" tag="072"><subfield code="a">it</subfield><subfield code="2">rero</subfield></datafield><datafield ind1="1" ind2=" " tag="100"><subfield code="a">Spitzer, Leo</subfield><subfield code="d">1887-1960</subfield><subfield code="0">(DE-588)118752138</subfield><subfield code="6">880-01</subfield></datafield><datafield ind1="1" ind2=" " tag="880"><subfield code="6">100-01</subfield><subfield code="a">Spitzer, Leo</subfield><subfield code="d">1887-1960</subfield><subfield code="0">(IDREF)027146529</subfield><subfield code="4">cre</subfield></datafield><datafield ind1="1" ind2="0" tag="240"><subfield code="a">Italienische Kriegsgefangenenbriefe</subfield></datafield><datafield ind1="1" ind2="0" tag="245"><subfield code="a">Lettere di prigionieri di guerra italiani 1915-1918</subfield><subfield code="c">Leo Spitzer ; [trad. di Renato Solmi]</subfield></datafield><datafield ind1=" " ind2="1" tag="264"><subfield code="a">Torino</subfield><subfield code="b">P. Boringhieri</subfield><subfield code="c">1976</subfield></datafield><datafield ind1=" " ind2=" " tag="300"><subfield code="a">XXXIII, 312 p.</subfield><subfield code="c">22 cm</subfield></datafield><datafield ind1=" " ind2=" " tag="336"><subfield code="b">txt</subfield><subfield code="2">rdacontent</subfield></datafield><datafield ind1=" " ind2=" " tag="337"><subfield code="b">n</subfield><subfield code="2">rdamedia</subfield></datafield><datafield ind1=" " ind2=" " tag="338"><subfield code="b">nc</subfield><subfield code="2">rdacarrier</subfield></datafield><datafield ind1="1" ind2=" " tag="490"><subfield code="a">Saggi</subfield></datafield><datafield ind1=" " ind2=" " tag="500"><subfield code="a">Traduit de: Italienische Kriegsgefangenenbriefe : Materialien zu einer Charakteristik der volkstuemlichen italienischen Korrespondenz</subfield></datafield><datafield ind1=" " ind2="7" tag="650"><subfield code="a">prisonnier de guerre italien</subfield><subfield code="0">(RERO)A010135934</subfield><subfield code="2">rerovoc</subfield></datafield><datafield ind1=" " ind2="7" tag="650"><subfield code="a">1915-1918</subfield><subfield code="2">rero</subfield></datafield><datafield ind1=" " ind2="7" tag="650"><subfield code="a">Correspondance</subfield><subfield code="0">(IDREF)027490122</subfield><subfield code="2">idref</subfield></datafield><datafield ind1=" " ind2="7" tag="650"><subfield code="a">Littérature épistolaire italienne</subfield><subfield code="0">(IDREF)028367650</subfield><subfield code="2">idref</subfield></datafield><datafield ind1=" " ind2=" " tag="690"><subfield code="a">Italienisch : Anthologie : Prosa</subfield><subfield code="2">uzb-VH</subfield></datafield><datafield ind1=" " ind2=" " tag="690"><subfield code="a">Italienisch : Anthologie : 20. Jahrhundert</subfield><subfield code="2">uzb-VH</subfield></datafield><datafield ind1=" " ind2=" " tag="690"><subfield code="a">Italienisch : Brief</subfield><subfield code="2">uzb-VH</subfield></datafield><datafield ind1=" " ind2=" " tag="690"><subfield code="a">Soziolinguistik : Italienisch</subfield><subfield code="2">uzb-VH</subfield></datafield><datafield ind1=" " ind2=" " tag="690"><subfield code="a">Interferenz : Italienisch</subfield><subfield code="2">uzb-VH</subfield></datafield><datafield ind1=" " ind2=" " tag="690"><subfield code="a">Sprachbarrieren</subfield><subfield code="2">uzb-VH</subfield></datafield><datafield ind1=" " ind2=" " tag="690"><subfield code="a">Volgare</subfield><subfield code="2">uzb-VH</subfield></datafield><datafield ind1=" " ind2=" " tag="690"><subfield code="a">Italienisch : Dialekttexte</subfield><subfield code="2">uzb-VH</subfield></datafield><datafield ind1=" " ind2=" " tag="690"><subfield code="a">Orthographie : Italienisch</subfield><subfield code="2">uzb-VH</subfield></datafield><datafield ind1="1" ind2=" " tag="700"><subfield code="a">Solmi, Renato</subfield><subfield code="d">1927-2015</subfield><subfield code="0">(IDREF)057523835</subfield></datafield><datafield ind1=" " ind2="0" tag="830"><subfield code="a">Saggi</subfield><subfield code="p">Bollati Boringhieri</subfield><subfield code="w">(RERO)0122223-41slsp</subfield></datafield><datafield ind1=" " ind2=" " tag="900"><subfield code="a">REROnoselfmerge</subfield></datafield><datafield ind1=" " ind2=" " tag="900"><subfield code="f">IDSU2medea</subfield></datafield><datafield ind1=" " ind2=" " tag="993"><subfield code="a">BFLA 124933</subfield><subfield code="x">ge/ulit/a/99/86</subfield><subfield code="9">LOCAL</subfield></datafield></record>
</metadata></record>