<record><header><identifier>oai:alma.41SLSP_UGE:991000789429705502</identifier><datestamp>2023-03-16T01:09:41Z</datestamp><setSpec>uge_bcen_RapidILL_BOOK</setSpec><setSpec>uge_aaca_RapidILL_BOOK</setSpec><setSpec>uge_abels_RapidILL_BOOK</setSpec><setSpec>uge_dbu_RapidILL_BOOK</setSpec><setSpec>uge_cmu_RapidILL_BOOK</setSpec><setSpec>uge_mail_RapidILL_BOOK</setSpec><setSpec>uge_abbat_RapidILL_BOOK</setSpec><setSpec>UNIGE_ALL</setSpec><setSpec>uge_acar_RapidILL_BOOK</setSpec><setSpec>uge_aobs_RapidILL_BOOK</setSpec></header><metadata>
<record xmlns="http://www.loc.gov/MARC21/slim" xmlns:xsi="http://www.w3.org/2001/XMLSchema-instance" xsi:schemaLocation="http://www.loc.gov/MARC21/slim http://www.loc.gov/standards/marcxml/schema/MARC21slim.xsd"><leader>01693nam a2200397 ca4500</leader><controlfield tag="001">991000789429705502</controlfield><controlfield tag="005">20230315210345.0</controlfield><controlfield tag="008">201012s1989    xxu||||| |||| 00| ||eng d</controlfield><datafield ind1=" " ind2=" " tag="010"><subfield code="a">88037620</subfield></datafield><datafield ind1=" " ind2=" " tag="020"><subfield code="a">0849305551</subfield><subfield code="q">vol. 2</subfield></datafield><datafield ind1=" " ind2=" " tag="020"><subfield code="a">0849305543</subfield><subfield code="q">vol. 1</subfield></datafield><datafield ind1=" " ind2=" " tag="020"><subfield code="a">084930556X</subfield><subfield code="q">vol. 3</subfield></datafield><datafield ind1=" " ind2=" " tag="035"><subfield code="a">(swissbib)24004150X-41slsp_network</subfield></datafield><datafield ind1=" " ind2=" " tag="035"><subfield code="a">24004150X</subfield><subfield code="9">ExL</subfield></datafield><datafield ind1=" " ind2=" " tag="035"><subfield code="a">(RERO)R006077351-41slsp</subfield></datafield><datafield ind1=" " ind2=" " tag="035"><subfield code="a">(NEBIS)000520096EBI01</subfield></datafield><datafield ind1=" " ind2=" " tag="035"><subfield code="a">(EXLNZ-41SLSP_NETWORK)991015817819705501</subfield></datafield><datafield ind1=" " ind2=" " tag="040"><subfield code="a">RERO geussc</subfield><subfield code="d">CH-ZuSLS</subfield></datafield><datafield ind1=" " ind2="7" tag="072"><subfield code="a">bi</subfield><subfield code="2">rero</subfield></datafield><datafield ind1="1" ind2=" " tag="100"><subfield code="6">880-01</subfield><subfield code="a">Salunkhe, Dattajirao K.</subfield><subfield code="d">1925-....</subfield><subfield code="0">(IDREF)110891325</subfield><subfield code="4">cre</subfield></datafield><datafield ind1="1" ind2=" " tag="880"><subfield code="a">Salunkhe, Dattajirao K.</subfield><subfield code="d">1925-</subfield><subfield code="0">(DE-588)172352304</subfield><subfield code="e">Herausgeber</subfield><subfield code="4">edt</subfield><subfield code="6">100-01</subfield></datafield><datafield ind1="1" ind2="0" tag="245"><subfield code="a">CRC handbook of world food legumes</subfield><subfield code="b">nutritional chemistry, processing technology and utilization</subfield><subfield code="c">D.K. Salunkhe, S.S. Kadam</subfield></datafield><datafield ind1="1" ind2=" " tag="246"><subfield code="a">Handbook of world food legumes</subfield></datafield><datafield ind1=" " ind2="1" tag="264"><subfield code="a">Boca Raton</subfield><subfield code="b">CRC Press</subfield><subfield code="c">1989</subfield></datafield><datafield ind1=" " ind2=" " tag="300"><subfield code="a">3 vol.</subfield><subfield code="b">ill.</subfield><subfield code="c">26 cm</subfield></datafield><datafield ind1=" " ind2=" " tag="336"><subfield code="b">txt</subfield><subfield code="2">rdacontent</subfield></datafield><datafield ind1=" " ind2=" " tag="337"><subfield code="b">n</subfield><subfield code="2">rdamedia</subfield></datafield><datafield ind1=" " ind2=" " tag="338"><subfield code="b">nc</subfield><subfield code="2">rdacarrier</subfield></datafield><datafield ind1=" " ind2="7" tag="650"><subfield code="a">Alimentation</subfield><subfield code="0">(IDREF)027218805</subfield><subfield code="2">idref</subfield></datafield><datafield ind1=" " ind2="7" tag="650"><subfield code="a">Fabacées</subfield><subfield code="0">(IDREF)031182755</subfield><subfield code="2">idref</subfield></datafield><datafield ind1=" " ind2="7" tag="650"><subfield code="a">Produits agricoles</subfield><subfield code="0">(IDREF)027245357</subfield><subfield code="2">idref</subfield></datafield><datafield ind1=" " ind2="7" tag="650"><subfield code="a">HÜLSENFRÜCHTE + LEGUMINOSEN (HUMANERNÄHRUNG)</subfield><subfield code="9">ger</subfield><subfield code="0">(ETHUDK)000052028</subfield><subfield code="2">ethudk</subfield></datafield><datafield ind1=" " ind2="7" tag="650"><subfield code="a">HÜLSENFRÜCHTE + LEGUMINOSEN (PFLANZENBAU)</subfield><subfield code="9">ger</subfield><subfield code="0">(ETHUDK)000031456</subfield><subfield code="2">ethudk</subfield></datafield><datafield ind1=" " ind2="7" tag="650"><subfield code="a">LEBENSMITTELVERARBEITUNG + LEBENSMITTELVERFAHRENSTECHNIK (LEBENSMITTELINDUSTRIE)</subfield><subfield code="9">ger</subfield><subfield code="0">(ETHUDK)000050199</subfield><subfield code="2">ethudk</subfield></datafield><datafield ind1="1" ind2=" " tag="700"><subfield code="a">Kadam, S.S.</subfield><subfield code="e">Herausgeber</subfield><subfield code="4">edt</subfield><subfield code="6">880-02</subfield></datafield><datafield ind1="1" ind2=" " tag="880"><subfield code="6">700-02</subfield><subfield code="a">Kadam, S. S.</subfield><subfield code="d">1949-....</subfield><subfield code="0">(IDREF)243740735</subfield></datafield><datafield ind1=" " ind2=" " tag="900"><subfield code="a">REROnoselfmerge</subfield></datafield></record>
</metadata></record>