<record><header><identifier>oai:alma.41SLSP_UGE:991000779339705502</identifier><datestamp>2024-04-11T00:30:02Z</datestamp><setSpec>uge_bcen_RapidILL_BOOK</setSpec><setSpec>uge_aaca_RapidILL_BOOK</setSpec><setSpec>uge_abels_RapidILL_BOOK</setSpec><setSpec>uge_dbu_RapidILL_BOOK</setSpec><setSpec>uge_cmu_RapidILL_BOOK</setSpec><setSpec>uge_mail_RapidILL_BOOK</setSpec><setSpec>uge_abbat_RapidILL_BOOK</setSpec><setSpec>UNIGE_ALL</setSpec><setSpec>uge_acar_RapidILL_BOOK</setSpec><setSpec>uge_aobs_RapidILL_BOOK</setSpec></header><metadata>
<record xmlns="http://www.loc.gov/MARC21/slim" xmlns:xsi="http://www.w3.org/2001/XMLSchema-instance" xsi:schemaLocation="http://www.loc.gov/MARC21/slim http://www.loc.gov/standards/marcxml/schema/MARC21slim.xsd"><leader>05529nam a2200865 c 4500</leader><controlfield tag="001">991000779339705502</controlfield><controlfield tag="005">20240410142000.0</controlfield><controlfield tag="008">201011s2012    sz       l    00| | fre|d</controlfield><datafield ind1=" " ind2=" " tag="019"><subfield code="a">Notices analytiques</subfield><subfield code="5">RERO/geubfd/10.2012</subfield></datafield><datafield ind1=" " ind2=" " tag="020"><subfield code="a">9783727225598</subfield><subfield code="c">ca. CHF 234.00</subfield></datafield><datafield ind1=" " ind2=" " tag="035"><subfield code="a">(swissbib)220745064-41slsp_network</subfield></datafield><datafield ind1=" " ind2=" " tag="035"><subfield code="a">220745064</subfield><subfield code="9">ExL</subfield></datafield><datafield ind1=" " ind2=" " tag="035"><subfield code="a">(IDSLU)001045076ILU01</subfield></datafield><datafield ind1=" " ind2=" " tag="035"><subfield code="a">(IDSSG)000557975HSB01</subfield></datafield><datafield ind1=" " ind2=" " tag="035"><subfield code="a">(RERO)R007083858-41slsp</subfield></datafield><datafield ind1=" " ind2=" " tag="035"><subfield code="a">(IDSBB)005985009DSV01</subfield></datafield><datafield ind1=" " ind2=" " tag="035"><subfield code="a">(NEBIS)007311640EBI01</subfield></datafield><datafield ind1=" " ind2=" " tag="035"><subfield code="a">(ALEX)bv001479671</subfield></datafield><datafield ind1=" " ind2=" " tag="035"><subfield code="a">(EXLNZ-41SLSP_NETWORK)991070594729705501</subfield></datafield><datafield ind1=" " ind2=" " tag="040"><subfield code="a">RERO iftfla</subfield><subfield code="e">kids</subfield><subfield code="d">CH-ZuSLS</subfield></datafield><datafield ind1=" " ind2=" " tag="044"><subfield code="a">sz</subfield><subfield code="c">ch-be</subfield></datafield><datafield ind1=" " ind2="7" tag="072"><subfield code="a">807</subfield><subfield code="2">IDS LU</subfield></datafield><datafield ind1=" " ind2="7" tag="072"><subfield code="a">807</subfield><subfield code="2">IDS LU</subfield></datafield><datafield ind1=" " ind2="7" tag="072"><subfield code="a">dr</subfield><subfield code="2">rero</subfield></datafield><datafield ind1=" " ind2="7" tag="072"><subfield code="a">rw</subfield><subfield code="2">SzZuIDS BS/BE</subfield></datafield><datafield ind1="0" ind2="4" tag="082"><subfield code="a">346.494092</subfield><subfield code="2">22</subfield></datafield><datafield ind1="1" ind2="4" tag="082"><subfield code="a">340</subfield><subfield code="2">15</subfield></datafield><datafield ind1=" " ind2=" " tag="084"><subfield code="a">CA/CH 82 b</subfield><subfield code="2">cjurrom</subfield></datafield><datafield ind1="0" ind2="0" tag="245"><subfield code="a">Loi sur les placements collectifs (LPCC)</subfield><subfield code="b">loi fédérale du 23 juin 2006 sur les placements collectifs de capitaux</subfield><subfield code="c">FBT avocats SA, Kellerhals Anwälte ; auteurs: Michel Abt ... [et al.]</subfield></datafield><datafield ind1="1" ind2="3" tag="246"><subfield code="a">LPCC</subfield></datafield><datafield ind1=" " ind2="1" tag="264"><subfield code="a">Berne</subfield><subfield code="b">Stämpfli Editions</subfield><subfield code="c">2012</subfield></datafield><datafield ind1=" " ind2=" " tag="300"><subfield code="a">811 S.</subfield><subfield code="c">22 cm</subfield></datafield><datafield ind1=" " ind2=" " tag="336"><subfield code="b">txt</subfield><subfield code="2">rdacontent</subfield></datafield><datafield ind1=" " ind2=" " tag="337"><subfield code="b">n</subfield><subfield code="2">rdamedia</subfield></datafield><datafield ind1=" " ind2=" " tag="338"><subfield code="b">nc</subfield><subfield code="2">rdacarrier</subfield></datafield><datafield ind1="0" ind2=" " tag="490"><subfield code="a">Commentaire Stämpfli</subfield></datafield><datafield ind1=" " ind2=" " tag="500"><subfield code="a">Index</subfield></datafield><datafield ind1=" " ind2=" " tag="504"><subfield code="a">Bibliogr.</subfield></datafield><datafield ind1="1" ind2="7" tag="610"><subfield code="a">Schweiz</subfield><subfield code="t">Kollektivanlagengesetz</subfield><subfield code="0">(DE-588)7547257-0</subfield><subfield code="2">gnd</subfield></datafield><datafield ind1=" " ind2="7" tag="650"><subfield code="a">Bankrecht</subfield><subfield code="0">(DE-588)4004473-7</subfield><subfield code="2">gnd</subfield></datafield><datafield ind1=" " ind2="7" tag="650"><subfield code="a">Finanzdienstleistungsaufsicht</subfield><subfield code="0">(DE-588)4741959-3</subfield><subfield code="2">gnd</subfield></datafield><datafield ind1=" " ind2="7" tag="650"><subfield code="a">Kapitalanlage</subfield><subfield code="0">(DE-588)4073213-7</subfield><subfield code="2">gnd</subfield></datafield><datafield ind1=" " ind2="7" tag="650"><subfield code="a">Kreditmarkt</subfield><subfield code="0">(DE-588)4073788-3</subfield><subfield code="2">gnd</subfield></datafield><datafield ind1=" " ind2="7" tag="650"><subfield code="a">Sociétés d'investissement</subfield><subfield code="0">(IDREF)027763544</subfield><subfield code="2">idref</subfield></datafield><datafield ind1=" " ind2="7" tag="650"><subfield code="a">Investissements de capitaux</subfield><subfield code="0">(IDREF)02726209X</subfield><subfield code="2">idref</subfield></datafield><datafield ind1=" " ind2="7" tag="650"><subfield code="a">Conseillers en investissements financiers</subfield><subfield code="0">(IDREF)027887596</subfield><subfield code="2">idref</subfield></datafield><datafield ind1=" " ind2="7" tag="650"><subfield code="a">Investissements immobiliers</subfield><subfield code="0">(IDREF)027468151</subfield><subfield code="2">idref</subfield></datafield><datafield ind1=" " ind2="7" tag="650"><subfield code="a">Investissements institutionnels</subfield><subfield code="0">(IDREF)028709284</subfield><subfield code="2">idref</subfield></datafield><datafield ind1=" " ind2="7" tag="650"><subfield code="a">Banques</subfield><subfield code="0">(IDREF)027793265</subfield><subfield code="2">idref</subfield></datafield><datafield ind1=" " ind2="7" tag="650"><subfield code="a">Droit</subfield><subfield code="0">(IDREF)027466868</subfield><subfield code="2">idref</subfield></datafield><datafield ind1=" " ind2="7" tag="650"><subfield code="a">Anlage(Investition)</subfield><subfield code="9">ger</subfield><subfield code="0">(RERO)jurivoc000001235ger</subfield><subfield code="2">jurivoc</subfield></datafield><datafield ind1=" " ind2="7" tag="650"><subfield code="a">Anlagefonds</subfield><subfield code="9">ger</subfield><subfield code="0">(RERO)jurivoc000001238ger</subfield><subfield code="2">jurivoc</subfield></datafield><datafield ind1=" " ind2="7" tag="650"><subfield code="a">Kapitalmarkt</subfield><subfield code="9">ger</subfield><subfield code="0">(RERO)jurivoc000012475ger</subfield><subfield code="2">jurivoc</subfield></datafield><datafield ind1=" " ind2="7" tag="650"><subfield code="a">Rechtssetzung</subfield><subfield code="9">ger</subfield><subfield code="0">(RERO)jurivoc000018456ger</subfield><subfield code="2">jurivoc</subfield></datafield><datafield ind1=" " ind2="7" tag="651"><subfield code="a">Schweiz</subfield><subfield code="0">(DE-588)4053881-3</subfield><subfield code="2">gnd</subfield></datafield><datafield ind1=" " ind2="7" tag="651"><subfield code="a">Suisse</subfield><subfield code="0">(IDREF)027249654</subfield><subfield code="2">idref</subfield></datafield><datafield ind1=" " ind2="7" tag="651"><subfield code="a">Schweiz</subfield><subfield code="9">ger</subfield><subfield code="0">(RERO)jurivoc000019912ger</subfield><subfield code="2">jurivoc</subfield></datafield><datafield ind1=" " ind2="7" tag="655"><subfield code="a">Grundlagenwerk</subfield><subfield code="9">ger</subfield><subfield code="2">jurivoc</subfield><subfield code="0">(RERO)jurivoc000010408ger</subfield></datafield><datafield ind1=" " ind2="7" tag="655"><subfield code="a">Kommentar</subfield><subfield code="2">gnd-content</subfield></datafield><datafield ind1=" " ind2=" " tag="690"><subfield code="a">placement ; suspension ; conduite ; remboursement ; champ d'sapplication ; fonctionnement ; exclusion ; disposition ; protection ; transformation ; acquisition ; restriction ; publication ; limitation ; restitution ; tromperie ; distinction ; conclusion ; lancement ; engagement ; exigences ; exigence ; garde ; paiement ; payement ; nomination ; mission ; utilisation ; restructuration ; avocat ; capitaux ; capitale ; capital ; auteur ; villa ; table ; but ; notion ; introduction ; cadre ; fond ; fonds ; vision ; champs ; champ ; transparence ; bon ; cas ; figure ; cours ; contexte ; compte ; club ; forme ; suisse ; prise de position ; instrument ; absence ; statuts ; statut ; temps ; part ; fortune ; limite ; gale ; suite ; action ; actionnaire ; principe ; partition ; type ; valeur ; inventaire ; destinataire ; compartiment ; destin ; confusion ; nature ; relation ; uniforme ; objet ; direction ; classe ; publique ; partie ; obligation ; exercice ; ration ; frais ; frai ; banque ; raison ; gain ; nation ; avoir ; aura ; montant ; commission ; adresse ; prospectus ; rapport ; condition ; adaptation ; modification ; date</subfield><subfield code="2">idssg-J</subfield></datafield><datafield ind1=" " ind2=" " tag="690"><subfield code="a">capitaux Loi; droits attach; capitaux r; Dur e; dur e</subfield><subfield code="2">idssg-J</subfield></datafield><datafield ind1=" " ind2=" " tag="690"><subfield code="a">Kellerhals; Anw; lte; f; rale; Fr; rique; Bensahel; Biffiger; Alessandra; Cremonesi; Etique; Genequand; bastien; Lassonde; Micotti; Dominik; Oberholzer; Andr; Pfoertner; Werner; Schubiger; Simona; Terranova; Zufferey; St; mpfli; res; g; n; rales; gislatif; r; Autor; gulation; autor; gles; b; march; Pluralit; c; gle; pluralit; Fremdverwaltung; Soci; t; rev; soci; trangers; structur; Crit; entit; qualifi; al; Proc; e; lev; lai; nonciation; Cr; ation; sidepockets; i; Gates; j; forc; k; repr; sentation; communaut; m; sp; cifiques; simplifi; ferm; pos; aa; aaa; aLFP; bbb; ccc; ddd; nomm; eee; fff; ggg; bb; sion; dd; ee; personnalit; ind; qualit; cr; ancier; mun; lib; noncer; positaire; Contr; ge; li; fice; alis; ali; aupr; tre; o; Co; thode; rogations; mod; int; gration; fix; termin; cision; ss; quence; S; D</subfield><subfield code="2">idssg-J</subfield></datafield><datafield ind1=" " ind2=" " tag="691"><subfield code="e">PC 82 CH</subfield><subfield code="2">rzs-L1</subfield></datafield><datafield ind1="1" ind2=" " tag="700"><subfield code="a">Abt, Michel</subfield><subfield code="0">(IDREF)167520946</subfield></datafield><datafield ind1="2" ind2=" " tag="710"><subfield code="a">Kellerhals Anwälte</subfield><subfield code="0">(DE-588)1044773456</subfield></datafield><datafield ind1="1" ind2=" " tag="710"><subfield code="a">Schweiz</subfield><subfield code="0">(DE-588)4053881-3</subfield></datafield><datafield ind1="2" ind2=" " tag="710"><subfield code="a">FBT avocats SA</subfield><subfield code="6">880-04</subfield><subfield code="0">(DE-588)1085938441</subfield></datafield><datafield ind1="2" ind2=" " tag="880"><subfield code="6">710-04</subfield><subfield code="a">FBT Avocats SA</subfield><subfield code="0">(IDREF)16757227X</subfield></datafield><datafield ind1=" " ind2=" " tag="751"><subfield code="a">Schweiz</subfield><subfield code="0">(DE-588)4053881-3</subfield></datafield><datafield ind1=" " ind2=" " tag="751"><subfield code="a">Schweiz</subfield><subfield code="0">(DE-588)4053881-3</subfield></datafield><datafield ind1=" " ind2=" " tag="751"><subfield code="a">Schweiz</subfield><subfield code="0">(DE-588)4053881-3</subfield></datafield><datafield ind1="4" ind2=" " tag="856"><subfield code="3">Titelblatt und Inhaltsverzeichnis</subfield><subfield code="u">https://toc.library.ethz.ch/objects/pdf/z16_978-3-7272-2559-8_01.pdf</subfield><subfield code="q">pdf</subfield></datafield><datafield ind1=" " ind2=" " tag="900"><subfield code="a">IDSE5E51ANH-2012</subfield></datafield><datafield ind1=" " ind2=" " tag="900"><subfield code="a">IDSZ2rwimon201210f</subfield><subfield code="c">IDSZ2rosi 121002</subfield><subfield code="d">IDSZ2rwiswk201210b</subfield><subfield code="e">IDSZ2sust</subfield></datafield><datafield ind1=" " ind2=" " tag="900"><subfield code="a">IDSZ2zbzmon201301l</subfield><subfield code="c">IDSZ2meyr</subfield><subfield code="d">IDSZ2zbzswk201301b</subfield><subfield code="e">IDSZ2bruu</subfield></datafield><datafield ind1=" " ind2=" " tag="949"><subfield code="a">https://toc.library.ethz.ch/objects/pdf/z16_978-3-7272-2559-8_01.pdf</subfield></datafield></record>
</metadata></record>