<record><header><identifier>oai:alma.41SLSP_UGE:991000779029705502</identifier><datestamp>2023-03-01T01:09:21Z</datestamp><setSpec>uge_bcen_RapidILL_BOOK</setSpec><setSpec>uge_aaca_RapidILL_BOOK</setSpec><setSpec>uge_abels_RapidILL_BOOK</setSpec><setSpec>uge_dbu_RapidILL_BOOK</setSpec><setSpec>uge_cmu_RapidILL_BOOK</setSpec><setSpec>uge_mail_RapidILL_BOOK</setSpec><setSpec>UNIGE_ALL</setSpec><setSpec>uge_abbat_RapidILL_BOOK</setSpec><setSpec>uge_aobs_RapidILL_BOOK</setSpec><setSpec>uge_acar_RapidILL_BOOK</setSpec></header><metadata>
<record xmlns="http://www.loc.gov/MARC21/slim" xmlns:xsi="http://www.w3.org/2001/XMLSchema-instance" xsi:schemaLocation="http://www.loc.gov/MARC21/slim http://www.loc.gov/standards/marcxml/schema/MARC21slim.xsd"><leader>01847nam a2200541 c 4500</leader><controlfield tag="001">991000779029705502</controlfield><controlfield tag="005">20210206203518.0</controlfield><controlfield tag="008">201011s2004    gw ||||| |||| 00| ||eng d</controlfield><datafield ind1=" " ind2=" " tag="010"><subfield code="a">2005390057</subfield></datafield><datafield ind1=" " ind2=" " tag="015"><subfield code="a">GFR-DNB-05,A29,0749</subfield></datafield><datafield ind1=" " ind2=" " tag="020"><subfield code="a">3895867381</subfield><subfield code="c">kart</subfield></datafield><datafield ind1=" " ind2=" " tag="035"><subfield code="a">(swissbib)220586276-41slsp_network</subfield></datafield><datafield ind1=" " ind2=" " tag="035"><subfield code="a">220586276</subfield><subfield code="9">ExL</subfield></datafield><datafield ind1=" " ind2=" " tag="035"><subfield code="a">(RERO)R004856843-41slsp</subfield></datafield><datafield ind1=" " ind2=" " tag="035"><subfield code="a">(NEBIS)005026055EBI01</subfield></datafield><datafield ind1=" " ind2=" " tag="035"><subfield code="a">(IDSBB)003670915DSV01</subfield></datafield><datafield ind1=" " ind2=" " tag="035"><subfield code="a">(GyWOH)har005053254</subfield></datafield><datafield ind1=" " ind2=" " tag="035"><subfield code="a">(EXLNZ-41SLSP_NETWORK)991089582089705501</subfield></datafield><datafield ind1=" " ind2=" " tag="040"><subfield code="a">RERO geulsa</subfield><subfield code="d">CH-ZuSLS</subfield></datafield><datafield ind1="0" ind2=" " tag="041"><subfield code="a">eng</subfield></datafield><datafield ind1=" " ind2=" " tag="050"><subfield code="a">PJ3251</subfield><subfield code="b">.I97 2004</subfield></datafield><datafield ind1=" " ind2="7" tag="072"><subfield code="a">or</subfield><subfield code="2">rero</subfield></datafield><datafield ind1=" " ind2="7" tag="072"><subfield code="a">ao</subfield><subfield code="2">SzZuIDS BS/BE</subfield></datafield><datafield ind1="0" ind2="0" tag="082"><subfield code="a">492/.15</subfield><subfield code="2">22</subfield></datafield><datafield ind1="0" ind2="4" tag="082"><subfield code="a">492 .15</subfield><subfield code="2">22</subfield></datafield><datafield ind1="1" ind2="4" tag="082"><subfield code="a">930</subfield><subfield code="2">15</subfield></datafield><datafield ind1=" " ind2=" " tag="084"><subfield code="a">EM 1320</subfield><subfield code="2">rvk</subfield></datafield><datafield ind1="1" ind2=" " tag="100"><subfield code="a">Izre'el, Shlomo</subfield><subfield code="0">(RERO)A003414741</subfield><subfield code="4">cre</subfield></datafield><datafield ind1="1" ind2="0" tag="245"><subfield code="a">Literary old Babylonian</subfield><subfield code="c">Sholmo Izre'el &amp; Eran Cohen</subfield></datafield><datafield ind1=" " ind2="1" tag="264"><subfield code="a">München</subfield><subfield code="b">Lincom Europa</subfield><subfield code="c">2004</subfield></datafield><datafield ind1=" " ind2=" " tag="300"><subfield code="a">x, 119 p.</subfield><subfield code="b">ill., map</subfield></datafield><datafield ind1=" " ind2=" " tag="336"><subfield code="b">txt</subfield><subfield code="2">rdacontent</subfield></datafield><datafield ind1=" " ind2=" " tag="337"><subfield code="b">n</subfield><subfield code="2">rdamedia</subfield></datafield><datafield ind1=" " ind2=" " tag="338"><subfield code="b">nc</subfield><subfield code="2">rdacarrier</subfield></datafield><datafield ind1="1" ind2=" " tag="490"><subfield code="a">Languages of the world. Materials</subfield><subfield code="v">81</subfield></datafield><datafield ind1=" " ind2=" " tag="504"><subfield code="a">Literaturverz.</subfield></datafield><datafield ind1=" " ind2=" " tag="504"><subfield code="a">Includes bibliographical references (p. 115-119)</subfield></datafield><datafield ind1=" " ind2="7" tag="650"><subfield code="a">Akkadisch</subfield><subfield code="2">idszbz</subfield></datafield><datafield ind1=" " ind2="7" tag="650"><subfield code="a">Grammatik</subfield><subfield code="2">idszbz</subfield></datafield><datafield ind1=" " ind2="7" tag="650"><subfield code="a">Akkadisch</subfield><subfield code="0">(DE-588)4084837-1</subfield><subfield code="2">gnd</subfield></datafield><datafield ind1=" " ind2="0" tag="650"><subfield code="a">Akkadian language</subfield><subfield code="x">Grammar</subfield></datafield><datafield ind1=" " ind2="7" tag="650"><subfield code="a">Akkadische Sprache</subfield><subfield code="x">Grammatik</subfield><subfield code="2">idsbb</subfield></datafield><datafield ind1="1" ind2=" " tag="700"><subfield code="a">Kohēn, ʿErān</subfield><subfield code="d">1967-</subfield><subfield code="0">(DE-588)129940712</subfield></datafield><datafield ind1="1" ind2=" " tag="700"><subfield code="a">Izreʿel, Shlomo</subfield><subfield code="d">1949-</subfield><subfield code="0">(DE-588)124675271</subfield></datafield><datafield ind1="1" ind2=" " tag="700"><subfield code="a">Cohen, Eran</subfield><subfield code="d">1967-....</subfield><subfield code="0">(IDREF)112962963</subfield></datafield><datafield ind1=" " ind2="0" tag="830"><subfield code="a">Languages of the world</subfield><subfield code="p">Materials</subfield><subfield code="v">81</subfield><subfield code="w">(NEBIS)001478413EBI01</subfield></datafield><datafield ind1=" " ind2="0" tag="830"><subfield code="a">Languages of the world/materials</subfield><subfield code="v">81</subfield><subfield code="w">(RERO)2162829-41slsp</subfield></datafield><datafield ind1=" " ind2=" " tag="900"><subfield code="a">REROnoselfmerge</subfield></datafield><datafield ind1=" " ind2=" " tag="900"><subfield code="a">IDSZ2zbzmon200511f</subfield><subfield code="c">IDSZ2kobe</subfield><subfield code="d">IDSZ2zbzswk200511b</subfield><subfield code="e">IDSZ2haag</subfield></datafield></record>
</metadata></record>