<record><header><identifier>oai:alma.41SLSP_UGE:991000779549705502</identifier><datestamp>2023-03-01T01:09:21Z</datestamp><setSpec>uge_bcen_RapidILL_BOOK</setSpec><setSpec>uge_aaca_RapidILL_BOOK</setSpec><setSpec>uge_abels_RapidILL_BOOK</setSpec><setSpec>uge_dbu_RapidILL_BOOK</setSpec><setSpec>uge_cmu_RapidILL_BOOK</setSpec><setSpec>uge_mail_RapidILL_BOOK</setSpec><setSpec>UNIGE_ALL</setSpec><setSpec>uge_abbat_RapidILL_BOOK</setSpec><setSpec>uge_aobs_RapidILL_BOOK</setSpec><setSpec>uge_acar_RapidILL_BOOK</setSpec></header><metadata>
<record xmlns="http://www.loc.gov/MARC21/slim" xmlns:xsi="http://www.w3.org/2001/XMLSchema-instance" xsi:schemaLocation="http://www.loc.gov/MARC21/slim http://www.loc.gov/standards/marcxml/schema/MARC21slim.xsd"><leader>00993naa a2200241 c 4500</leader><controlfield tag="001">991000779549705502</controlfield><controlfield tag="005">20201225182634.0</controlfield><controlfield tag="008">940809s1993    gw ||||| |||| 00| ||eng d</controlfield><datafield ind1=" " ind2=" " tag="035"><subfield code="a">(swissbib)089032780-41slsp_network</subfield></datafield><datafield ind1=" " ind2=" " tag="035"><subfield code="a">089032780</subfield><subfield code="9">ExL</subfield></datafield><datafield ind1=" " ind2=" " tag="035"><subfield code="a">(RERO)1892107-41slsp</subfield></datafield><datafield ind1=" " ind2=" " tag="035"><subfield code="a">(EXLNZ-41SLSP_NETWORK)991051162829705501</subfield></datafield><datafield ind1=" " ind2=" " tag="040"><subfield code="a">RERO geucmu</subfield><subfield code="d">CH-ZuSLS</subfield></datafield><datafield ind1=" " ind2="7" tag="072"><subfield code="a">me</subfield><subfield code="2">rero</subfield></datafield><datafield ind1="1" ind2=" " tag="100"><subfield code="a">Czernobilsky, Bernard</subfield><subfield code="0">(RERO)A003149229</subfield><subfield code="4">cre</subfield></datafield><datafield ind1="1" ind2="0" tag="245"><subfield code="a">Alpha-smooth muscle actin and other stromal markers in endometrial mucosa</subfield><subfield code="c">Bernard Czernobilsky, Sami Remadi, Giulio Gabbiani</subfield></datafield><datafield ind1=" " ind2=" " tag="336"><subfield code="b">txt</subfield><subfield code="2">rdacontent</subfield></datafield><datafield ind1=" " ind2=" " tag="337"><subfield code="b">n</subfield><subfield code="2">rdamedia</subfield></datafield><datafield ind1=" " ind2=" " tag="338"><subfield code="b">nc</subfield><subfield code="2">rdacarrier</subfield></datafield><datafield ind1=" " ind2=" " tag="580"><subfield code="a">In: Virchows archiv. A, Pathological anatomy and histopathology. - Berlin. - Vol. 422(1993), p. 313-317</subfield></datafield><datafield ind1="1" ind2=" " tag="700"><subfield code="a">Remadi, Sami</subfield><subfield code="0">(RERO)A003736841</subfield></datafield><datafield ind1="1" ind2=" " tag="700"><subfield code="a">Gabbiani, Giulio</subfield><subfield code="d">1937-....</subfield><subfield code="0">(IDREF)068530196</subfield></datafield><datafield ind1="0" ind2=" " tag="773"><subfield code="t">Virchows Archiv. A, Pathological anatomy and histopathology</subfield><subfield code="g">1993/313</subfield><subfield code="g">yr:1993</subfield><subfield code="w">(RERO)0595538-41slsp</subfield></datafield><datafield ind1=" " ind2=" " tag="900"><subfield code="a">REROnoselfmerge</subfield></datafield></record>
</metadata></record>