<record><header><identifier>oai:alma.41SLSP_UGE:991000779429705502</identifier><datestamp>2023-04-08T00:15:26Z</datestamp><setSpec>uge_bcen_RapidILL_BOOK</setSpec><setSpec>uge_aaca_RapidILL_BOOK</setSpec><setSpec>uge_abels_RapidILL_BOOK</setSpec><setSpec>uge_dbu_RapidILL_BOOK</setSpec><setSpec>uge_cmu_RapidILL_BOOK</setSpec><setSpec>uge_mail_RapidILL_BOOK</setSpec><setSpec>uge_abbat_RapidILL_BOOK</setSpec><setSpec>UNIGE_ALL</setSpec><setSpec>uge_aobs_RapidILL_BOOK</setSpec><setSpec>uge_acar_RapidILL_BOOK</setSpec></header><metadata>
<record xmlns="http://www.loc.gov/MARC21/slim" xmlns:xsi="http://www.w3.org/2001/XMLSchema-instance" xsi:schemaLocation="http://www.loc.gov/MARC21/slim http://www.loc.gov/standards/marcxml/schema/MARC21slim.xsd"><leader>01163nam a2200325 c 4500</leader><controlfield tag="001">991000779429705502</controlfield><controlfield tag="005">20230407173834.0</controlfield><controlfield tag="008">940913s1992    xxu||||| |||| 00| ||eng d</controlfield><datafield ind1=" " ind2=" " tag="020"><subfield code="a">080062646X</subfield></datafield><datafield ind1=" " ind2=" " tag="035"><subfield code="a">(swissbib)089143132-41slsp_network</subfield></datafield><datafield ind1=" " ind2=" " tag="035"><subfield code="a">089143132</subfield><subfield code="9">ExL</subfield></datafield><datafield ind1=" " ind2=" " tag="035"><subfield code="a">(RERO)1907646-41slsp</subfield></datafield><datafield ind1=" " ind2=" " tag="035"><subfield code="a">(EXLNZ-41SLSP_NETWORK)991084836529705501</subfield></datafield><datafield ind1=" " ind2=" " tag="040"><subfield code="a">RERO labcud</subfield><subfield code="d">CH-ZuSLS</subfield></datafield><datafield ind1=" " ind2="7" tag="072"><subfield code="a">th</subfield><subfield code="2">rero</subfield></datafield><datafield ind1="1" ind2=" " tag="100"><subfield code="a">Wink, Walter</subfield><subfield code="d">1935-2012</subfield><subfield code="0">(IDREF)077711173</subfield><subfield code="4">cre</subfield></datafield><datafield ind1="1" ind2="0" tag="245"><subfield code="a">Engaging the powers</subfield><subfield code="b">discernement and resistance in a world of domination</subfield><subfield code="c">Walter Wink</subfield></datafield><datafield ind1=" " ind2="1" tag="264"><subfield code="a">Minneapolis</subfield><subfield code="b">Fortress Press</subfield><subfield code="c">[1992]</subfield></datafield><datafield ind1=" " ind2="4" tag="264"><subfield code="c">© 1992</subfield></datafield><datafield ind1=" " ind2=" " tag="300"><subfield code="a">XVI, 424 p.</subfield><subfield code="b">ill.</subfield><subfield code="c">23 cm</subfield></datafield><datafield ind1=" " ind2=" " tag="336"><subfield code="b">txt</subfield><subfield code="2">rdacontent</subfield></datafield><datafield ind1=" " ind2=" " tag="337"><subfield code="b">n</subfield><subfield code="2">rdamedia</subfield></datafield><datafield ind1=" " ind2=" " tag="338"><subfield code="b">nc</subfield><subfield code="2">rdacarrier</subfield></datafield><datafield ind1="1" ind2=" " tag="490"><subfield code="a">The powers / Walter Wink</subfield><subfield code="v">vol. 3</subfield></datafield><datafield ind1=" " ind2="7" tag="650"><subfield code="a">Morale chrétienne</subfield><subfield code="0">(IDREF)027268322</subfield><subfield code="2">idref</subfield></datafield><datafield ind1=" " ind2="7" tag="650"><subfield code="a">puissance (théologie)</subfield><subfield code="0">(RERO)A010137235</subfield><subfield code="2">rerovoc</subfield></datafield><datafield ind1=" " ind2="7" tag="650"><subfield code="a">Domination</subfield><subfield code="0">(IDREF)034286519</subfield><subfield code="2">idref</subfield></datafield><datafield ind1=" " ind2="7" tag="650"><subfield code="a">Non-violence</subfield><subfield code="0">(IDREF)027478777</subfield><subfield code="2">idref</subfield></datafield><datafield ind1=" " ind2="7" tag="650"><subfield code="a">Résistance (psychanalyse)</subfield><subfield code="0">(IDREF)027857662</subfield><subfield code="2">idref</subfield></datafield><datafield ind1="1" ind2=" " tag="800"><subfield code="a">Wink, Walter</subfield><subfield code="d">1935-2012</subfield><subfield code="t">&lt;&lt;The&gt;&gt; powers</subfield><subfield code="v">3</subfield></datafield><datafield ind1=" " ind2=" " tag="900"><subfield code="a">REROnoselfmerge</subfield></datafield></record>
</metadata></record>