<record><header><identifier>oai:alma.41SLSP_UGE:991000779639705502</identifier><datestamp>2023-03-01T01:09:21Z</datestamp><setSpec>uge_bcen_RapidILL_BOOK</setSpec><setSpec>uge_aaca_RapidILL_BOOK</setSpec><setSpec>uge_abels_RapidILL_BOOK</setSpec><setSpec>uge_dbu_RapidILL_BOOK</setSpec><setSpec>uge_cmu_RapidILL_BOOK</setSpec><setSpec>uge_mail_RapidILL_BOOK</setSpec><setSpec>UNIGE_ALL</setSpec><setSpec>uge_abbat_RapidILL_BOOK</setSpec><setSpec>uge_aobs_RapidILL_BOOK</setSpec><setSpec>uge_acar_RapidILL_BOOK</setSpec></header><metadata>
<record xmlns="http://www.loc.gov/MARC21/slim" xmlns:xsi="http://www.w3.org/2001/XMLSchema-instance" xsi:schemaLocation="http://www.loc.gov/MARC21/slim http://www.loc.gov/standards/marcxml/schema/MARC21slim.xsd"><leader>00941nam a2200313 c 4500</leader><controlfield tag="001">991000779639705502</controlfield><controlfield tag="005">20211118202520.0</controlfield><controlfield tag="008">200622s1995    sp            000 0 spa d</controlfield><datafield ind1=" " ind2=" " tag="019"><subfield code="a">SOMACQ</subfield><subfield code="5">RERO/geules/06.2020</subfield></datafield><datafield ind1=" " ind2=" " tag="020"><subfield code="a">8423306798</subfield></datafield><datafield ind1=" " ind2=" " tag="020"><subfield code="a">9788423306794</subfield></datafield><datafield ind1=" " ind2=" " tag="035"><subfield code="a">(swissbib)126563721-41slsp_network</subfield></datafield><datafield ind1=" " ind2=" " tag="035"><subfield code="a">126563721</subfield><subfield code="9">ExL</subfield></datafield><datafield ind1=" " ind2=" " tag="035"><subfield code="a">(RERO)R009053157-41slsp</subfield></datafield><datafield ind1=" " ind2=" " tag="035"><subfield code="a">(EXLNZ-41SLSP_NETWORK)991093250719705501</subfield></datafield><datafield ind1=" " ind2=" " tag="040"><subfield code="a">BNM</subfield><subfield code="b">spa</subfield><subfield code="e">rdc</subfield><subfield code="d">CH-ZuSLS</subfield></datafield><datafield ind1=" " ind2="7" tag="072"><subfield code="a">es</subfield><subfield code="2">rero</subfield></datafield><datafield ind1=" " ind2=" " tag="080"><subfield code="a">821.134.2-31&quot;19&quot;</subfield></datafield><datafield ind1=" " ind2=" " tag="080"><subfield code="a">860-31&quot;19&quot;</subfield></datafield><datafield ind1="1" ind2=" " tag="100"><subfield code="a">Goytisolo, Juan</subfield><subfield code="d">1931-2017</subfield><subfield code="0">(IDREF)03222558X</subfield><subfield code="4">aut</subfield></datafield><datafield ind1="1" ind2="0" tag="245"><subfield code="a">Juegos de manos</subfield><subfield code="c">Juan Goytisolo</subfield></datafield><datafield ind1=" " ind2=" " tag="250"><subfield code="a">4ª ed. en Destinolibro.</subfield></datafield><datafield ind1=" " ind2="1" tag="264"><subfield code="a">Barcelona</subfield><subfield code="b">Destino</subfield><subfield code="c">1995</subfield></datafield><datafield ind1=" " ind2=" " tag="300"><subfield code="a">283 p.</subfield><subfield code="c">18 cm</subfield></datafield><datafield ind1=" " ind2=" " tag="336"><subfield code="b">txt</subfield><subfield code="2">rdacontent</subfield></datafield><datafield ind1=" " ind2=" " tag="337"><subfield code="b">n</subfield><subfield code="2">rdamedia</subfield></datafield><datafield ind1=" " ind2=" " tag="338"><subfield code="b">nc</subfield><subfield code="2">rdacarrier</subfield></datafield><datafield ind1="0" ind2=" " tag="490"><subfield code="a">Destinolibro</subfield><subfield code="v">v. 39</subfield></datafield><datafield ind1=" " ind2=" " tag="900"><subfield code="a">REROnoselfmerge</subfield></datafield><datafield ind1=" " ind2=" " tag="910"><subfield code="a">OCoLC</subfield><subfield code="b">20200622</subfield><subfield code="c">Réutilisation sous conditions: Licence ODC-BY</subfield></datafield></record>
</metadata></record>