<record><header><identifier>oai:alma.41SLSP_UGE:991000789459705502</identifier><datestamp>2023-03-01T01:09:21Z</datestamp><setSpec>uge_bcen_RapidILL_BOOK</setSpec><setSpec>uge_aaca_RapidILL_BOOK</setSpec><setSpec>uge_abels_RapidILL_BOOK</setSpec><setSpec>uge_dbu_RapidILL_BOOK</setSpec><setSpec>uge_cmu_RapidILL_BOOK</setSpec><setSpec>uge_mail_RapidILL_BOOK</setSpec><setSpec>UNIGE_ALL</setSpec><setSpec>uge_abbat_RapidILL_BOOK</setSpec><setSpec>uge_aobs_RapidILL_BOOK</setSpec><setSpec>uge_acar_RapidILL_BOOK</setSpec></header><metadata>
<record xmlns="http://www.loc.gov/MARC21/slim" xmlns:xsi="http://www.w3.org/2001/XMLSchema-instance" xsi:schemaLocation="http://www.loc.gov/MARC21/slim http://www.loc.gov/standards/marcxml/schema/MARC21slim.xsd"><leader>01420nam a2200337 c 4500</leader><controlfield tag="001">991000789459705502</controlfield><controlfield tag="005">20201222200700.0</controlfield><controlfield tag="008">201011s1977    xxc||||| |||| 00| ||eng d</controlfield><datafield ind1=" " ind2=" " tag="020"><subfield code="a">0840503512</subfield></datafield><datafield ind1=" " ind2=" " tag="035"><subfield code="a">(swissbib)223854158-41slsp_network</subfield></datafield><datafield ind1=" " ind2=" " tag="035"><subfield code="a">223854158</subfield><subfield code="9">ExL</subfield></datafield><datafield ind1=" " ind2=" " tag="035"><subfield code="a">(RERO)R219717260-41slsp</subfield></datafield><datafield ind1=" " ind2=" " tag="035"><subfield code="a">(NEBIS)000110880EBI01</subfield></datafield><datafield ind1=" " ind2=" " tag="035"><subfield code="a">(EXLNZ-41SLSP_NETWORK)991018008449705501</subfield></datafield><datafield ind1=" " ind2=" " tag="040"><subfield code="a">RERO geussm</subfield><subfield code="d">CH-ZuSLS</subfield></datafield><datafield ind1=" " ind2="7" tag="072"><subfield code="a">ma</subfield><subfield code="2">rero</subfield></datafield><datafield ind1=" " ind2=" " tag="084"><subfield code="a">76</subfield><subfield code="2">msc</subfield></datafield><datafield ind1="1" ind2=" " tag="100"><subfield code="6">880-01</subfield><subfield code="a">Chorin, Alexandre Joel</subfield><subfield code="0">(IDREF)031617611</subfield><subfield code="4">cre</subfield></datafield><datafield ind1="1" ind2=" " tag="880"><subfield code="a">Chorin, Alexandre Joel</subfield><subfield code="d">1938-</subfield><subfield code="0">(DE-588)1089201036</subfield><subfield code="6">100-01</subfield></datafield><datafield ind1="1" ind2="0" tag="245"><subfield code="a">Numerical methods in statistical hydrodynamics</subfield><subfield code="c">Alexandre Chorin</subfield></datafield><datafield ind1=" " ind2="1" tag="264"><subfield code="a">Montréal</subfield><subfield code="b">Presses de l'Université de Montréal</subfield><subfield code="c">1977</subfield></datafield><datafield ind1=" " ind2=" " tag="300"><subfield code="a">64 l.</subfield></datafield><datafield ind1=" " ind2=" " tag="336"><subfield code="b">txt</subfield><subfield code="2">rdacontent</subfield></datafield><datafield ind1=" " ind2=" " tag="337"><subfield code="b">n</subfield><subfield code="2">rdamedia</subfield></datafield><datafield ind1=" " ind2=" " tag="338"><subfield code="b">nc</subfield><subfield code="2">rdacarrier</subfield></datafield><datafield ind1="1" ind2=" " tag="490"><subfield code="a">Séminaire de mathématiques supérieures / Université de Montréal, Département de mathématiques et de statistique</subfield><subfield code="v">50</subfield></datafield><datafield ind1=" " ind2=" " tag="500"><subfield code="a">14e session du S.M.S., été 1975</subfield></datafield><datafield ind1=" " ind2="7" tag="650"><subfield code="a">FLUIDDYNAMIK</subfield><subfield code="9">ger</subfield><subfield code="0">(ETHUDK)000014427</subfield><subfield code="2">ethudk</subfield></datafield><datafield ind1=" " ind2="7" tag="650"><subfield code="a">STATISTISCHE MECHANIK</subfield><subfield code="9">ger</subfield><subfield code="0">(ETHUDK)000014326</subfield><subfield code="2">ethudk</subfield></datafield><datafield ind1=" " ind2=" " tag="830"><subfield code="a">Séminaire de mathématiques supérieures</subfield><subfield code="v">50</subfield><subfield code="w">(NEBIS)000037574EBI01</subfield></datafield><datafield ind1=" " ind2=" " tag="830"><subfield code="a">Séminaire de mathématiques supérieures / Université de Montréal, Département de mathématiques et de statistique</subfield><subfield code="v">50</subfield><subfield code="w">(RERO)0719193-41slsp</subfield></datafield><datafield ind1=" " ind2=" " tag="900"><subfield code="a">REROnoselfmerge</subfield></datafield></record>
</metadata></record>