<record><header><identifier>oai:alma.41SLSP_UGE:991000778909705502</identifier><datestamp>2023-03-01T01:09:21Z</datestamp><setSpec>uge_bcen_RapidILL_BOOK</setSpec><setSpec>uge_aaca_RapidILL_BOOK</setSpec><setSpec>uge_abels_RapidILL_BOOK</setSpec><setSpec>uge_dbu_RapidILL_BOOK</setSpec><setSpec>uge_cmu_RapidILL_BOOK</setSpec><setSpec>uge_mail_RapidILL_BOOK</setSpec><setSpec>UNIGE_ALL</setSpec><setSpec>uge_abbat_RapidILL_BOOK</setSpec><setSpec>uge_acar_RapidILL_BOOK</setSpec><setSpec>uge_aobs_RapidILL_BOOK</setSpec></header><metadata>
<record xmlns="http://www.loc.gov/MARC21/slim" xmlns:xsi="http://www.w3.org/2001/XMLSchema-instance" xsi:schemaLocation="http://www.loc.gov/MARC21/slim http://www.loc.gov/standards/marcxml/schema/MARC21slim.xsd"><leader>01594nam a2200481 c 4500</leader><controlfield tag="001">991000778909705502</controlfield><controlfield tag="005">20230115202540.0</controlfield><controlfield tag="008">201012s1991    xxu||||| |||| 00| ||eng d</controlfield><datafield ind1=" " ind2=" " tag="020"><subfield code="a">0314863192</subfield></datafield><datafield ind1=" " ind2=" " tag="035"><subfield code="a">(swissbib)239692691-41slsp_network</subfield></datafield><datafield ind1=" " ind2=" " tag="035"><subfield code="a">239692691</subfield><subfield code="9">ExL</subfield></datafield><datafield ind1=" " ind2=" " tag="035"><subfield code="a">(RERO)1491996-41slsp</subfield></datafield><datafield ind1=" " ind2=" " tag="035"><subfield code="a">(NEBIS)001200955EBI01</subfield></datafield><datafield ind1=" " ind2=" " tag="035"><subfield code="a">(IDSBB)000857501DSV01</subfield></datafield><datafield ind1=" " ind2=" " tag="035"><subfield code="a">(EXLNZ-41SLSP_NETWORK)991014775599705501</subfield></datafield><datafield ind1=" " ind2=" " tag="040"><subfield code="a">RERO geubfd</subfield><subfield code="d">CH-ZuSLS</subfield></datafield><datafield ind1=" " ind2="7" tag="072"><subfield code="a">dr</subfield><subfield code="2">rero</subfield></datafield><datafield ind1=" " ind2="7" tag="072"><subfield code="a">rg</subfield><subfield code="2">SzZuIDS BS/BE</subfield></datafield><datafield ind1="0" ind2="0" tag="082"><subfield code="a">342.73</subfield><subfield code="a">347.302</subfield><subfield code="2">20</subfield></datafield><datafield ind1="0" ind2="4" tag="082"><subfield code="a">347.302</subfield><subfield code="2">20</subfield></datafield><datafield ind1="1" ind2="4" tag="082"><subfield code="a">342.73</subfield><subfield code="2">22</subfield></datafield><datafield ind1="1" ind2="4" tag="082"><subfield code="a">340</subfield><subfield code="2">15</subfield></datafield><datafield ind1=" " ind2=" " tag="084"><subfield code="a">CB/USA 34 g</subfield><subfield code="2">cjurrom</subfield></datafield><datafield ind1=" " ind2=" " tag="084"><subfield code="a">PL 728</subfield><subfield code="2">rvk</subfield></datafield><datafield ind1="0" ind2="0" tag="245"><subfield code="a">Constitutional law</subfield><subfield code="b">cases, comments, questions</subfield><subfield code="c">by William B. Lockhart... [et al.]</subfield></datafield><datafield ind1=" " ind2=" " tag="250"><subfield code="a">7th ed.</subfield></datafield><datafield ind1=" " ind2="1" tag="264"><subfield code="a">St. Paul Minn.</subfield><subfield code="b">West Publ.</subfield><subfield code="c">1991</subfield></datafield><datafield ind1=" " ind2=" " tag="300"><subfield code="a">CXXIII, 1643, 35 p.</subfield><subfield code="b">ill.</subfield><subfield code="c">26 cm</subfield></datafield><datafield ind1=" " ind2=" " tag="336"><subfield code="b">txt</subfield><subfield code="2">rdacontent</subfield></datafield><datafield ind1=" " ind2=" " tag="337"><subfield code="b">n</subfield><subfield code="2">rdamedia</subfield></datafield><datafield ind1=" " ind2=" " tag="338"><subfield code="b">nc</subfield><subfield code="2">rdacarrier</subfield></datafield><datafield ind1="0" ind2=" " tag="490"><subfield code="a">American casebook series) 106290</subfield></datafield><datafield ind1=" " ind2=" " tag="500"><subfield code="a">andere Ausgabe: Constitutional law</subfield></datafield><datafield ind1=" " ind2="7" tag="650"><subfield code="a">Droit constitutionnel</subfield><subfield code="0">(IDREF)02726095X</subfield><subfield code="2">idref</subfield></datafield><datafield ind1=" " ind2="7" tag="650"><subfield code="a">Verfassungsrecht</subfield><subfield code="2">idszbz</subfield></datafield><datafield ind1=" " ind2="0" tag="650"><subfield code="a">Constitutional law</subfield><subfield code="z">United States</subfield><subfield code="v">Cases</subfield></datafield><datafield ind1=" " ind2="7" tag="650"><subfield code="a">Verfassung</subfield><subfield code="z">USA</subfield><subfield code="v">0 Gesamtdarstellung</subfield><subfield code="2">idsbb</subfield></datafield><datafield ind1=" " ind2="7" tag="651"><subfield code="a">États-Unis</subfield><subfield code="0">(IDREF)027225488</subfield><subfield code="2">idref</subfield></datafield><datafield ind1=" " ind2="7" tag="651"><subfield code="a">USA</subfield><subfield code="2">idszbz</subfield></datafield><datafield ind1=" " ind2="7" tag="655"><subfield code="a">Manuels d'enseignement</subfield><subfield code="0">(IDREF)027446514</subfield><subfield code="2">idref</subfield></datafield><datafield ind1=" " ind2="7" tag="655"><subfield code="a">Entscheidungssammlung</subfield><subfield code="2">idszbz</subfield></datafield><datafield ind1="1" ind2=" " tag="700"><subfield code="a">Lockhart, William E.</subfield></datafield><datafield ind1="1" ind2=" " tag="700"><subfield code="a">Lockhart, William B.</subfield><subfield code="0">(IDREF)077618262</subfield></datafield><datafield ind1=" " ind2=" " tag="900"><subfield code="a">REROnoselfmerge</subfield></datafield></record>
</metadata></record>