<record><header><identifier>oai:alma.41SLSP_UGE:991000789469705502</identifier><datestamp>2023-04-08T00:24:51Z</datestamp><setSpec>uge_bcen_RapidILL_BOOK</setSpec><setSpec>uge_aaca_RapidILL_BOOK</setSpec><setSpec>uge_abels_RapidILL_BOOK</setSpec><setSpec>uge_dbu_RapidILL_BOOK</setSpec><setSpec>uge_cmu_RapidILL_BOOK</setSpec><setSpec>uge_mail_RapidILL_BOOK</setSpec><setSpec>uge_abbat_RapidILL_BOOK</setSpec><setSpec>UNIGE_ALL</setSpec><setSpec>uge_acar_RapidILL_BOOK</setSpec><setSpec>uge_aobs_RapidILL_BOOK</setSpec></header><metadata>
<record xmlns="http://www.loc.gov/MARC21/slim" xmlns:xsi="http://www.w3.org/2001/XMLSchema-instance" xsi:schemaLocation="http://www.loc.gov/MARC21/slim http://www.loc.gov/standards/marcxml/schema/MARC21slim.xsd"><leader>01560nam a2200397 c 4500</leader><controlfield tag="001">991000789469705502</controlfield><controlfield tag="005">20230406191137.0</controlfield><controlfield tag="008">000726s1996    fr ||||| |||| 00| ||fre d</controlfield><datafield ind1=" " ind2=" " tag="020"><subfield code="a">2020262401</subfield></datafield><datafield ind1="7" ind2=" " tag="024"><subfield code="a">http://catalogue.bnf.fr/ark:/12148/cb35852278f</subfield><subfield code="2">uri</subfield></datafield><datafield ind1=" " ind2=" " tag="035"><subfield code="a">(swissbib)091966108-41slsp_network</subfield></datafield><datafield ind1=" " ind2=" " tag="035"><subfield code="a">091966108</subfield><subfield code="9">ExL</subfield></datafield><datafield ind1=" " ind2=" " tag="035"><subfield code="a">(RERO)R211319660-41slsp</subfield></datafield><datafield ind1=" " ind2=" " tag="035"><subfield code="a">(EXLNZ-41SLSP_NETWORK)991140783969705501</subfield></datafield><datafield ind1=" " ind2=" " tag="040"><subfield code="a">RERO vsbcvs</subfield><subfield code="d">CH-ZuSLS</subfield></datafield><datafield ind1="1" ind2=" " tag="041"><subfield code="a">fre</subfield><subfield code="h">lat</subfield></datafield><datafield ind1=" " ind2="7" tag="072"><subfield code="a">th</subfield><subfield code="2">rero</subfield></datafield><datafield ind1="1" ind2=" " tag="080"><subfield code="a">1&quot;1255&quot;Tho7OEn</subfield></datafield><datafield ind1="0" ind2=" " tag="100"><subfield code="a">Thomas d'Aquin</subfield><subfield code="c">saint</subfield><subfield code="d">1225?-1274</subfield><subfield code="0">(IDREF)027161129</subfield><subfield code="4">cre</subfield></datafield><datafield ind1="1" ind2="0" tag="245"><subfield code="a">&lt;&lt;L'&gt;&gt;être et l'essence</subfield><subfield code="b">le vocabulaire médiéval de l'ontologie</subfield><subfield code="c">deux traités &quot;De ente et essentia&quot; de Thomas d'Aquin et Dietrich de Freiberg ; présentés et trad. par Alain de Libera et Cyrille Michon</subfield></datafield><datafield ind1=" " ind2="1" tag="264"><subfield code="a">Paris</subfield><subfield code="b">Ed. du Seuil</subfield><subfield code="c">1996</subfield></datafield><datafield ind1=" " ind2=" " tag="300"><subfield code="a">257 p.</subfield><subfield code="c">18 cm</subfield></datafield><datafield ind1=" " ind2=" " tag="336"><subfield code="b">txt</subfield><subfield code="2">rdacontent</subfield></datafield><datafield ind1=" " ind2=" " tag="337"><subfield code="b">n</subfield><subfield code="2">rdamedia</subfield></datafield><datafield ind1=" " ind2=" " tag="338"><subfield code="b">nc</subfield><subfield code="2">rdacarrier</subfield></datafield><datafield ind1="1" ind2=" " tag="490"><subfield code="a">Points</subfield><subfield code="v">339. Essais</subfield></datafield><datafield ind1=" " ind2=" " tag="500"><subfield code="a">Bilingue latin-français</subfield></datafield><datafield ind1=" " ind2="7" tag="650"><subfield code="a">Essence (philosophie)</subfield><subfield code="0">(IDREF)027710602</subfield><subfield code="2">idref</subfield></datafield><datafield ind1=" " ind2="7" tag="650"><subfield code="a">être</subfield><subfield code="0">(RERO)A009952593</subfield><subfield code="2">rerovoc</subfield></datafield><datafield ind1=" " ind2="7" tag="650"><subfield code="a">13e siècle</subfield><subfield code="0">(IDREF)027807169</subfield><subfield code="2">idref</subfield></datafield><datafield ind1=" " ind2="7" tag="655"><subfield code="a">[document]</subfield><subfield code="2">rerovoc</subfield><subfield code="0">(RERO)A010182398</subfield></datafield><datafield ind1="0" ind2="2" tag="700"><subfield code="a">Theodoricus</subfield><subfield code="c">Teutonicus</subfield><subfield code="t">De ente et essentia</subfield></datafield><datafield ind1="0" ind2="2" tag="700"><subfield code="a">Thomas</subfield><subfield code="c">Aquinas, saint</subfield><subfield code="t">De ente et essentia</subfield></datafield><datafield ind1="1" ind2=" " tag="700"><subfield code="a">Libera, Alain de</subfield><subfield code="d">1948-....</subfield><subfield code="0">(IDREF)028263200</subfield></datafield><datafield ind1="0" ind2=" " tag="700"><subfield code="a">Theodoricus</subfield><subfield code="c">Teutonicus</subfield><subfield code="0">(RERO)A000161669</subfield></datafield><datafield ind1=" " ind2=" " tag="830"><subfield code="a">Points</subfield><subfield code="p">Seuil</subfield><subfield code="v">339</subfield><subfield code="w">(RERO)0338118-41slsp</subfield></datafield><datafield ind1=" " ind2=" " tag="900"><subfield code="a">REROnoselfmerge</subfield></datafield></record>
</metadata></record>