<record><header><identifier>oai:alma.41SLSP_UGE:991000789779705502</identifier><datestamp>2023-04-10T00:46:48Z</datestamp><setSpec>uge_bcen_RapidILL_BOOK</setSpec><setSpec>uge_aaca_RapidILL_BOOK</setSpec><setSpec>uge_abels_RapidILL_BOOK</setSpec><setSpec>uge_dbu_RapidILL_BOOK</setSpec><setSpec>uge_cmu_RapidILL_BOOK</setSpec><setSpec>uge_mail_RapidILL_BOOK</setSpec><setSpec>uge_abbat_RapidILL_BOOK</setSpec><setSpec>UNIGE_ALL</setSpec><setSpec>uge_aobs_RapidILL_BOOK</setSpec><setSpec>uge_acar_RapidILL_BOOK</setSpec></header><metadata>
<record xmlns="http://www.loc.gov/MARC21/slim" xmlns:xsi="http://www.w3.org/2001/XMLSchema-instance" xsi:schemaLocation="http://www.loc.gov/MARC21/slim http://www.loc.gov/standards/marcxml/schema/MARC21slim.xsd"><leader>02462nam a2200649 c 4500</leader><controlfield tag="001">991000789779705502</controlfield><controlfield tag="005">20230409215611.0</controlfield><controlfield tag="008">201012s1995    it ||||| |||| 00| ||ita d</controlfield><datafield ind1=" " ind2=" " tag="020"><subfield code="a">8822242939</subfield></datafield><datafield ind1=" " ind2=" " tag="035"><subfield code="a">(swissbib)239961196-41slsp_network</subfield></datafield><datafield ind1=" " ind2=" " tag="035"><subfield code="a">239961196</subfield><subfield code="9">ExL</subfield></datafield><datafield ind1=" " ind2=" " tag="035"><subfield code="a">(RERO)2097600-41slsp</subfield></datafield><datafield ind1=" " ind2=" " tag="035"><subfield code="a">(NEBIS)001409989EBI01</subfield></datafield><datafield ind1=" " ind2=" " tag="035"><subfield code="a">(IDSBB)001192100DSV01</subfield></datafield><datafield ind1=" " ind2=" " tag="035"><subfield code="a">(EXLNZ-41SLSP_NETWORK)991038456499705501</subfield></datafield><datafield ind1=" " ind2=" " tag="040"><subfield code="a">RERO geulit</subfield><subfield code="d">CH-ZuSLS</subfield></datafield><datafield ind1=" " ind2="7" tag="072"><subfield code="a">it</subfield><subfield code="2">rero</subfield></datafield><datafield ind1=" " ind2="7" tag="072"><subfield code="a">it</subfield><subfield code="2">SzZuIDS BS/BE</subfield></datafield><datafield ind1=" " ind2="7" tag="072"><subfield code="a">ng</subfield><subfield code="2">SzZuIDS BS/BE</subfield></datafield><datafield ind1="0" ind2="4" tag="082"><subfield code="a">851.1</subfield></datafield><datafield ind1="1" ind2="4" tag="082"><subfield code="a">900</subfield><subfield code="2">15</subfield></datafield><datafield ind1=" " ind2=" " tag="084"><subfield code="a">IT 4456</subfield><subfield code="2">rvk</subfield></datafield><datafield ind1=" " ind2=" " tag="084"><subfield code="a">NM 9100</subfield><subfield code="2">rvk</subfield></datafield><datafield ind1="1" ind2=" " tag="100"><subfield code="a">Violante, Cinzio</subfield><subfield code="d">1921-2001</subfield><subfield code="0">(DE-588)119283913</subfield><subfield code="6">880-01</subfield></datafield><datafield ind1="1" ind2=" " tag="880"><subfield code="6">100-01</subfield><subfield code="a">Violante, Cinzio</subfield><subfield code="d">1921-2001</subfield><subfield code="0">(IDREF)027187659</subfield><subfield code="4">cre</subfield></datafield><datafield ind1="1" ind2="0" tag="245"><subfield code="a">&lt;&lt;La&gt;&gt; &quot;cortesia&quot; chiericale e borghese nel Duecento</subfield><subfield code="c">Cinzio Violante</subfield></datafield><datafield ind1="1" ind2=" " tag="246"><subfield code="a">&lt;&lt;La&gt;&gt; &quot;cortesia&quot; nel Duecento</subfield></datafield><datafield ind1=" " ind2="1" tag="264"><subfield code="a">Firenze</subfield><subfield code="b">L.S. Olschki</subfield><subfield code="c">1995</subfield></datafield><datafield ind1=" " ind2=" " tag="300"><subfield code="a">109 p.</subfield><subfield code="c">21 cm</subfield></datafield><datafield ind1=" " ind2=" " tag="336"><subfield code="b">txt</subfield><subfield code="2">rdacontent</subfield></datafield><datafield ind1=" " ind2=" " tag="337"><subfield code="b">n</subfield><subfield code="2">rdamedia</subfield></datafield><datafield ind1=" " ind2=" " tag="338"><subfield code="b">nc</subfield><subfield code="2">rdacarrier</subfield></datafield><datafield ind1="1" ind2=" " tag="490"><subfield code="a">Saggi di &quot;Lettere italiane&quot;</subfield><subfield code="v">49</subfield></datafield><datafield ind1=" " ind2=" " tag="500"><subfield code="a">Rückentitel: La &quot;cortesia&quot; nel Duecento</subfield></datafield><datafield ind1="0" ind2="7" tag="600"><subfield code="a">Salimbene de Adam</subfield><subfield code="d">1221-1287</subfield><subfield code="t">Chronicon Parmense</subfield><subfield code="0">(IDREF)034082867</subfield><subfield code="2">idref</subfield></datafield><datafield ind1="1" ind2="7" tag="600"><subfield code="a">Patecchio, Gherardo.</subfield><subfield code="t">Noie</subfield><subfield code="0">(RERO)A010129113</subfield><subfield code="2">rero</subfield></datafield><datafield ind1="0" ind2="7" tag="600"><subfield code="a">Ugo</subfield><subfield code="c">(di Pers).</subfield><subfield code="t">Noie</subfield><subfield code="0">(RERO)A010161316</subfield><subfield code="2">rero</subfield></datafield><datafield ind1="1" ind2="7" tag="600"><subfield code="a">Pucci, Antonio</subfield><subfield code="d">1309-1388</subfield><subfield code="t">&lt;&lt;Le&gt;&gt; noie</subfield><subfield code="0">(DE-588)4418156-5</subfield><subfield code="2">gnd</subfield></datafield><datafield ind1="0" ind2="7" tag="600"><subfield code="a">Salimbene</subfield><subfield code="c">Parmensis</subfield><subfield code="d">1221-1287</subfield><subfield code="t">Chronica</subfield><subfield code="0">(DE-588)4418162-0</subfield><subfield code="2">gnd</subfield></datafield><datafield ind1="0" ind2="0" tag="600"><subfield code="a">Salimbene</subfield><subfield code="c">da Parma</subfield><subfield code="d">1221-1287</subfield><subfield code="t">Chronica</subfield></datafield><datafield ind1="1" ind2="0" tag="600"><subfield code="a">Patecchio, Gerardo</subfield><subfield code="t">Noie</subfield></datafield><datafield ind1=" " ind2="7" tag="648"><subfield code="a">Geschichte</subfield><subfield code="2">idszbz</subfield></datafield><datafield ind1=" " ind2="7" tag="648"><subfield code="a">Geschichte 1200-1300</subfield><subfield code="2">idszbz</subfield></datafield><datafield ind1=" " ind2="7" tag="648"><subfield code="a">Geschichte 1100-1200</subfield><subfield code="2">gnd</subfield></datafield><datafield ind1=" " ind2="7" tag="650"><subfield code="a">Italienisch</subfield><subfield code="2">idszbz</subfield></datafield><datafield ind1=" " ind2="7" tag="650"><subfield code="a">Literatur</subfield><subfield code="2">idszbz</subfield></datafield><datafield ind1=" " ind2="7" tag="650"><subfield code="a">Lebensform</subfield><subfield code="0">(DE-588)4034863-5</subfield><subfield code="2">gnd</subfield></datafield><datafield ind1=" " ind2="0" tag="650"><subfield code="a">Courtesy</subfield></datafield><datafield ind1=" " ind2="7" tag="650"><subfield code="a">Gesellschaft</subfield><subfield code="z">Italien</subfield><subfield code="y">Geschichte Mittelalter</subfield><subfield code="2">idsbb</subfield></datafield><datafield ind1=" " ind2="7" tag="651"><subfield code="a">Italien</subfield><subfield code="0">(DE-588)4027833-5</subfield><subfield code="2">gnd</subfield></datafield><datafield ind1=" " ind2="7" tag="651"><subfield code="a">Italien</subfield><subfield code="y">Geschichte 13. Jh</subfield><subfield code="2">idsbb</subfield></datafield><datafield ind1=" " ind2="7" tag="655"><subfield code="a">Aufsatzsammlung</subfield><subfield code="2">idszbz</subfield></datafield><datafield ind1=" " ind2="7" tag="655"><subfield code="a">Aufsatzsammlung</subfield><subfield code="2">gnd-content</subfield></datafield><datafield ind1=" " ind2=" " tag="690"><subfield code="a">Salimbene (da Parma)</subfield><subfield code="2">uzb-VH</subfield></datafield><datafield ind1=" " ind2=" " tag="690"><subfield code="a">Patecchio, Gherardo</subfield><subfield code="2">uzb-VH</subfield></datafield><datafield ind1="4" ind2=" " tag="856"><subfield code="3">Inhaltsverzeichnis</subfield><subfield code="u">http://www.ub.unibas.ch/tox/HBZ/HT006627361/PDF</subfield><subfield code="q">pdf</subfield></datafield><datafield ind1=" " ind2="0" tag="830"><subfield code="a">Saggi di &quot;Lettere italiane&quot;</subfield><subfield code="v">49</subfield><subfield code="w">(IDSBB)000655665DSV01</subfield></datafield><datafield ind1=" " ind2=" " tag="949"><subfield code="a">http://www.ub.unibas.ch/tox/HBZ/HT006627361/PDF</subfield></datafield><datafield ind1=" " ind2=" " tag="993"><subfield code="a">BFLA 93170</subfield><subfield code="x">ge/ulit/a/95/491</subfield><subfield code="9">LOCAL</subfield></datafield></record>
</metadata></record><resumptionToken>1900-01-01@all@UNIGE_ALL@marc21@5986514270005502</resumptionToken></ListRecords></OAI-PMH>